code,wind_code,name,date,time,volume,turover,settle,position,cur_delta,trade_flag,accvolume,accturover,high,low,open,price,pre_close,pre_settle,pre_position,ask5,ask4,ask3,ask2,ask1,bid1,bid2,bid3,bid4,bid5,asize5,asize4,asize3,asize2,asize1,bsize1,bsize2,bsize3,bsize4,bsize5
ag,AG.SHF,沪银活跃-ag1612,20170103,73006500,0,0,0,708376,0,0,0,0,0,0,0,41130000,41130000,41020000,708376,0,0,0,0,0,0,0,0,0,0,0,0,0,0,0,0,0,0,0,0
ag,AG.SHF,沪银活跃-ag1612,20170103,85900500,568,34727520,0,708508,0,0,568,34727520,40760000,40760000,40760000,40760000,41130000,41020000,708376,0,0,0,0,40760000,40750000,0,0,0,0,0,0,0,0,68,3,0,0,0,0
ag,AG.SHF,沪银活跃-ag1612,20170103,90000500,330,20171730,0,708742,0,0,898,54899250,40760000,40730000,40760000,40740000,41130000,41020000,708376,0,0,0,0,40770000,40760000,0,0,0,0,0,0,0,0,1,1,0,0,0,0
ag,AG.SHF,沪银活跃-ag1612,20170103,90001000,814,49739250,0,708816,0,0,1712,104638500,40770000,40720000,40760000,40760000,41130000,41020000,708376,0,0,0,0,40750000,40720000,0,0,0,0,0,0,0,0,15,147,0,0,0,0
ag,AG.SHF,沪银活跃-ag1612,20170103,90001500,1178,71984070,0,708404,0,0,2890,176622570,40770000,40720000,40760000,40740000,41130000,41020000,708376,0,0,0,0,40740000,40730000,0,0,0,0,0,0,0,0,23,6,0,0,0,0
ag,AG.SHF,沪银活跃-ag1612,20170103,90002000,462,28234080,0,708366,0,0,3352,204856650,40780000,40720000,40760000,40780000,41130000,41020000,708376,0,0,0,0,40780000,40770000,0,0,0,0,0,0,0,0,20,3,0,0,0,0
ag,AG.SHF,沪银活跃-ag1612,20170103,90002500,372,22741770,0,708260,0,0,3724,227598420,40780000,40720000,40760000,40780000,41130000,41020000,708376,0,0,0,0,40780000,40760000,0,0,0,0,0,0,0,0,225,3,0,0,0,0
ag,AG.SHF,沪银活跃-ag1612,20170103,90003000,244,14914500,0,708202,0,0,3968,242512920,40780000,40720000,40760000,40770000,41130000,41020000,708376,0,0,0,0,40770000,40760000,0,0,0,0,0,0,0,0,5,9,0,0,0,0
ag,AG.SHF,沪银活跃-ag1612,20170103,90003500,142,8683860,0,708126,0,0,4110,251196780,40780000,40720000,40760000,40770000,41130000,41020000,708376,0,0,0,0,40760000,40750000,0,0,0,0,0,0,0,0,1,10,0,0,0,0
ag,AG.SHF,沪银活跃-ag1612,20170103,90004000,120,7337010,0,708188,0,0,4230,258533790,40780000,40720000,40760000,40770000,41130000,41020000,708376,0,0,0,0,40770000,40750000,0,0,0,0,0,0,0,0,89,2,0,0,0,0
ag,AG.SHF,沪银活跃-ag1612,20170103,90004500,284,17356650,0,708246,0,0,4514,275890440,40780000,40720000,40760000,40760000,41130000,41020000,708376,0,0,0,0,40760000,40750000,0,0,0,0,0,0,0,0,11,3,0,0,0,0
ag,AG.SHF,沪银活跃-ag1612,20170103,90005000,282,17240340,0,708182,0,0,4796,293130780,40780000,40720000,40760000,40740000,41130000,41020000,708376,0,0,0,0,40750000,40740000,0,0,0,0,0,0,0,0,29,83,0,0,0,0
ag,AG.SHF,沪银活跃-ag1612,20170103,90005500,424,25916940,0,707976,0,0,5220,319047720,40780000,40720000,40760000,40750000,41130000,41020000,708376,0,0,0,0,40750000,40740000,0,0,0,0,0,0,0,0,56,49,0,0,0,0
ag,AG.SHF,沪银活跃-ag1612,20170103,90006000,184,11246190,0,707898,0,0,5404,330293910,40780000,40720000,40760000,40750000,41130000,41020000,708376,0,0,0,0,40750000,40740000,0,0,0,0,0,0,0,0,76,22,0,0,0,0
ag,AG.SHF,沪银活跃-ag1612,20170103,90006500,242,14791590,0,707870,0,0,5646,345085500,40780000,40720000,40760000,40750000,41130000,41020000,708376,0,0,0,0,40750000,40730000,0,0,0,0,0,0,0,0,28,5,0,0,0,0
ag,AG.SHF,沪银活跃-ag1612,20170103,90007000,230,14061000,0,707702,0,0,5876,359146500,40780000,40720000,40760000,40750000,41130000,41020000,708376,0,0,0,0,40760000,40750000,0,0,0,0,0,0,0,0,3,11,0,0,0,0
ag,AG.SHF,沪银活跃-ag1612,20170103,90007500,126,7703340,0,707704,0,0,6002,366849840,40780000,40720000,40760000,40760000,41130000,41020000,708376,0,0,0,0,40760000,40750000,0,0,0,0,0,0,0,0,81,13,0,0,0,0
ag,AG.SHF,沪银活跃-ag1612,20170103,90008000,120,7333470,0,707656,0,0,6122,374183310,40780000,40720000,40760000,40750000,41130000,41020000,708376,0,0,0,0,40750000,40740000,0,0,0,0,0,0,0,0,132,1,0,0,0,0
ag,AG.SHF,沪银活跃-ag1612,20170103,90008500,100,6111750,0,707670,0,0,6222,380295060,40780000,40720000,40760000,40750000,41130000,41020000,708376,0,0,0,0,40740000,40730000,0,0,0,0,0,0,0,0,1,17,0,0,0,0
ag,AG.SHF,沪银活跃-ag1612,20170103,90009000,22,1344660,0,707674,0,0,6244,381639720,40780000,40720000,40760000,40750000,41130000,41020000,708376,0,0,0,0,40750000,40740000,0,0,0,0,0,0,0,0,114,23,0,0,0,0
ag,AG.SHF,沪银活跃-ag1612,20170103,90009500,160,9778980,0,707740,0,0,6404,391418700,40780000,40720000,40760000,40740000,41130000,41020000,708376,0,0,0,0,40750000,40740000,0,0,0,0,0,0,0,0,68,3,0,0,0,0
ag,AG.SHF,沪银活跃-ag1612,20170103,90010000,46,2811630,0,707772,0,0,6450,394230330,40780000,40720000,40760000,40740000,41130000,41020000,708376,0,0,0,0,40740000,40730000,0,0,0,0,0,0,0,0,5,9,0,0,0,0
ag,AG.SHF,沪银活跃-ag1612,20170103,90010500,72,4400280,0,707808,0,0,6522,398630610,40780000,40720000,40760000,40730000,41130000,41020000,708376,0,0,0,0,40740000,40730000,0,0,0,0,0,0,0,0,65,21,0,0,0,0
ag,AG.SHF,沪银活跃-ag1612,20170103,90011000,704,42999570,0,707666,0,0,7226,441630180,40780000,40700000,40760000,40710000,41130000,41020000,708376,0,0,0,0,40710000,40700000,0,0,0,0,0,0,0,0,9,932,0,0,0,0
ag,AG.SHF,沪银活跃-ag1612,20170103,90011500,138,8428770,0,707648,0,0,7364,450058950,40780000,40700000,40760000,40730000,41130000,41020000,708376,0,0,0,0,40730000,40720000,0,0,0,0,0,0,0,0,8,6,0,0,0,0
ag,AG.SHF,沪银活跃-ag1612,20170103,90012000,136,8309730,0,707706,0,0,7500,458368680,40780000,40700000,40760000,40730000,41130000,41020000,708376,0,0,0,0,40730000,40720000,0,0,0,0,0,0,0,0,2,21,0,0,0,0
ag,AG.SHF,沪银活跃-ag1612,20170103,90012500,24,1466400,0,707704,0,0,7524,459835080,40780000,40700000,40760000,40730000,41130000,41020000,708376,0,0,0,0,40730000,40720000,0,0,0,0,0,0,0,0,18,27,0,0,0,0
ag,AG.SHF,沪银活跃-ag1612,20170103,90013000,24,1466220,0,707696,0,0,7548,461301300,40780000,40700000,40760000,40730000,41130000,41020000,708376,0,0,0,0,40730000,40720000,0,0,0,0,0,0,0,0,12,27,0,0,0,0
ag,AG.SHF,沪银活跃-ag1612,20170103,90013500,30,1832910,0,707674,0,0,7578,463134210,40780000,40700000,40760000,40730000,41130000,41020000,708376,0,0,0,0,40730000,40720000,0,0,0,0,0,0,0,0,12,27,0,0,0,0
ag,AG.SHF,沪银活跃-ag1612,20170103,90014000,40,2443830,0,707676,0,0,7618,465578040,40780000,40700000,40760000,40730000,41130000,41020000,708376,0,0,0,0,40740000,40730000,0,0,0,0,0,0,0,0,71,35,0,0,0,0
ag,AG.SHF,沪银活跃-ag1612,20170103,90014500,66,4033050,0,707690,0,0,7684,469611090,40780000,40700000,40760000,40730000,41130000,41020000,708376,0,0,0,0,40740000,40730000,0,0,0,0,0,0,0,0,51,28,0,0,0,0
ag,AG.SHF,沪银活跃-ag1612,20170103,90015000,96,5865060,0,707754,0,0,7780,475476150,40780000,40700000,40760000,40730000,41130000,41020000,708376,0,0,0,0,40730000,40720000,0,0,0,0,0,0,0,0,7,37,0,0,0,0
ag,AG.SHF,沪银活跃-ag1612,20170103,90015500,4,244350,0,707754,0,0,7784,475720500,40780000,40700000,40760000,40730000,41130000,41020000,708376,0,0,0,0,40730000,40720000,0,0,0,0,0,0,0,0,7,36,0,0,0,0
ag,AG.SHF,沪银活跃-ag1612,20170103,90016000,16,977400,0,707756,0,0,7800,476697900,40780000,40700000,40760000,40730000,41130000,41020000,708376,0,0,0,0,40730000,40720000,0,0,0,0,0,0,0,0,6,32,0,0,0,0
ag,AG.SHF,沪银活跃-ag1612,20170103,90016500,42,2565750,0,707754,0,0,7842,479263650,40780000,40700000,40760000,40740000,41130000,41020000,708376,0,0,0,0,40740000,40730000,0,0,0,0,0,0,0,0,49,7,0,0,0,0
ag,AG.SHF,沪银活跃-ag1612,20170103,90017000,146,8917890,0,707730,0,0,7988,488181540,40780000,40700000,40760000,40720000,41130000,41020000,708376,0,0,0,0,40720000,40710000,0,0,0,0,0,0,0,0,38,216,0,0,0,0
ag,AG.SHF,沪银活跃-ag1612,20170103,90017500,202,12337200,0,707714,0,0,8190,500518740,40780000,40700000,40760000,40720000,41130000,41020000,708376,0,0,0,0,40730000,40710000,0,0,0,0,0,0,0,0,11,176,0,0,0,0
ag,AG.SHF,沪银活跃-ag1612,20170103,90018000,72,4398780,0,707674,0,0,8262,504917520,40780000,40700000,40760000,40730000,41130000,41020000,708376,0,0,0,0,40730000,40720000,0,0,0,0,0,0,0,0,5,2,0,0,0,0
ag,AG.SHF,沪银活跃-ag1612,20170103,90018500,0,0,0,707674,0,0,8262,504917520,40780000,40700000,40760000,40730000,41130000,41020000,708376,0,0,0,0,40730000,40720000,0,0,0,0,0,0,0,0,28,10,0,0,0,0
ag,AG.SHF,沪银活跃-ag1612,20170103,90019000,14,855330,0,707676,0,0,8276,505772850,40780000,40700000,40760000,40730000,41130000,41020000,708376,0,0,0,0,40730000,40720000,0,0,0,0,0,0,0,0,50,10,0,0,0,0
ag,AG.SHF,沪银活跃-ag1612,20170103,90019500,34,2077230,0,707658,0,0,8310,507850080,40780000,40700000,40760000,40730000,41130000,41020000,708376,0,0,0,0,40730000,40720000,0,0,0,0,0,0,0,0,46,11,0,0,0,0
ag,AG.SHF,沪银活跃-ag1612,20170103,90020000,36,2199030,0,707682,0,0,8346,510049110,40780000,40700000,40760000,40730000,41130000,41020000,708376,0,0,0,0,40730000,40720000,0,0,0,0,0,0,0,0,55,29,0,0,0,0
ag,AG.SHF,沪银活跃-ag1612,20170103,90020500,58,3542820,0,707722,0,0,8404,513591930,40780000,40700000,40760000,40720000,41130000,41020000,708376,0,0,0,0,40730000,40720000,0,0,0,0,0,0,0,0,49,25,0,0,0,0
ag,AG.SHF,沪银活跃-ag1612,20170103,90021000,26,1588380,0,707718,0,0,8430,515180310,40780000,40700000,40760000,40720000,41130000,41020000,708376,0,0,0,0,40730000,40720000,0,0,0,0,0,0,0,0,45,27,0,0,0,0
ag,AG.SHF,沪银活跃-ag1612,20170103,90021500,86,5254110,0,707656,0,0,8516,520434420,40780000,40700000,40760000,40730000,41130000,41020000,708376,0,0,0,0,40730000,40720000,0,0,0,0,0,0,0,0,4,32,0,0,0,0
ag,AG.SHF,沪银活跃-ag1612,20170103,90022000,16,977580,0,707654,0,0,8532,521412000,40780000,40700000,40760000,40740000,41130000,41020000,708376,0,0,0,0,40740000,40730000,0,0,0,0,0,0,0,0,71,13,0,0,0,0
ag,AG.SHF,沪银活跃-ag1612,20170103,90022500,2,122190,0,707652,0,0,8534,521534190,40780000,40700000,40760000,40730000,41130000,41020000,708376,0,0,0,0,40740000,40730000,0,0,0,0,0,0,0,0,71,12,0,0,0,0
ag,AG.SHF,沪银活跃-ag1612,20170103,90023000,10,610950,0,707646,0,0,8544,522145140,40780000,40700000,40760000,40730000,41130000,41020000,708376,0,0,0,0,40740000,40730000,0,0,0,0,0,0,0,0,71,8,0,0,0,0
ag,AG.SHF,沪银活跃-ag1612,20170103,90023500,16,977580,0,707642,0,0,8560,523122720,40780000,40700000,40760000,40740000,41130000,41020000,708376,0,0,0,0,40740000,40730000,0,0,0,0,0,0,0,0,69,6,0,0,0,0
ag,AG.SHF,沪银活跃-ag1612,20170103,90024000,168,10266150,0,707692,0,0,8728,533388870,40780000,40700000,40760000,40730000,41130000,41020000,708376,0,0,0,0,40730000,40720000,0,0,0,0,0,0,0,0,19,60,0,0,0,0
ag,AG.SHF,沪银活跃-ag1612,20170103,90024500,74,4521270,0,707708,0,0,8802,537910140,40780000,40700000,40760000,40740000,41130000,41020000,708376,0,0,0,0,40740000,40730000,0,0,0,0,0,0,0,0,2,21,0,0,0,0
ag,AG.SHF,沪银活跃-ag1612,20170103,90025000,28,1711110,0,707724,0,0,8830,539621250,40780000,40700000,40760000,40740000,41130000,41020000,708376,0,0,0,0,40750000,40740000,0,0,0,0,0,0,0,0,74,13,0,0,0,0
ag,AG.SHF,沪银活跃-ag1612,20170103,90025500,22,1344540,0,707724,0,0,8852,540965790,40780000,40700000,40760000,40740000,41130000,41020000,708376,0,0,0,0,40750000,40740000,0,0,0,0,0,0,0,0,82,37,0,0,0,0
ag,AG.SHF,沪银活跃-ag1612,20170103,90026000,6,366720,0,707728,0,0,8858,541332510,40780000,40700000,40760000,40750000,41130000,41020000,708376,0,0,0,0,40750000,40740000,0,0,0,0,0,0,0,0,79,37,0,0,0,0
ag,AG.SHF,沪银活跃-ag1612,20170103,90026500,6,366660,0,707732,0,0,8864,541699170,40780000,40700000,40760000,40740000,41130000,41020000,708376,0,0,0,0,40750000,40740000,0,0,0,0,0,0,0,0,72,34,0,0,0,0
ag,AG.SHF,沪银活跃-ag1612,20170103,90027000,48,2933520,0,707748,0,0,8912,544632690,40780000,40700000,40760000,40750000,41130000,41020000,708376,0,0,0,0,40750000,40740000,0,0,0,0,0,0,0,0,64,22,0,0,0,0
ag,AG.SHF,沪银活跃-ag1612,20170103,90027500,106,6478770,0,707798,0,0,9018,551111460,40780000,40700000,40760000,40750000,41130000,41020000,708376,0,0,0,0,40750000,40740000,0,0,0,0,0,0,0,0,28,26,0,0,0,0
ag,AG.SHF,沪银活跃-ag1612,20170103,90028000,68,4156530,0,707818,0,0,9086,555267990,40780000,40700000,40760000,40750000,41130000,41020000,708376,0,0,0,0,40760000,40750000,0,0,0,0,0,0,0,0,27,32,0,0,0,0
ag,AG.SHF,沪银活跃-ag1612,20170103,90028500,162,9901050,0,707796,0,0,9248,565169040,40780000,40700000,40760000,40740000,41130000,41020000,708376,0,0,0,0,40740000,40730000,0,0,0,0,0,0,0,0,52,29,0,0,0,0
ag,AG.SHF,沪银活跃-ag1612,20170103,90029000,32,1955520,0,707780,0,0,9280,567124560,40780000,40700000,40760000,40740000,41130000,41020000,708376,0,0,0,0,40740000,40730000,0,0,0,0,0,0,0,0,42,25,0,0,0,0
ag,AG.SHF,沪银活跃-ag1612,20170103,90029500,90,5499990,0,707780,0,0,9370,572624550,40780000,40700000,40760000,40750000,41130000,41020000,708376,0,0,0,0,40750000,40730000,0,0,0,0,0,0,0,0,6,25,0,0,0,0
ag,AG.SHF,沪银活跃-ag1612,20170103,90030000,18,1099920,0,707774,0,0,9388,573724470,40780000,40700000,40760000,40750000,41130000,41020000,708376,0,0,0,0,40750000,40740000,0,0,0,0,0,0,0,0,6,4,0,0,0,0
ag,AG.SHF,沪银活跃-ag1612,20170103,90030500,4,244470,0,707772,0,0,9392,573968940,40780000,40700000,40760000,40740000,41130000,41020000,708376,0,0,0,0,40750000,40740000,0,0,0,0,0,0,0,0,6,6,0,0,0,0
ag,AG.SHF,沪银活跃-ag1612,20170103,90031000,24,1466820,0,707774,0,0,9416,575435760,40780000,40700000,40760000,40750000,41130000,41020000,708376,0,0,0,0,40750000,40740000,0,0,0,0,0,0,0,0,8,3,0,0,0,0
ag,AG.SHF,沪银活跃-ag1612,20170103,90031500,16,977910,0,707772,0,0,9432,576413670,40780000,40700000,40760000,40750000,41130000,41020000,708376,0,0,0,0,40750000,40740000,0,0,0,0,0,0,0,0,5,8,0,0,0,0
ag,AG.SHF,沪银活跃-ag1612,20170103,90032000,18,1100370,0,707776,0,0,9450,577514040,40780000,40700000,40760000,40760000,41130000,41020000,708376,0,0,0,0,40760000,40750000,0,0,0,0,0,0,0,0,16,3,0,0,0,0
ag,AG.SHF,沪银活跃-ag1612,20170103,90032500,36,2200680,0,707776,0,0,9486,579714720,40780000,40700000,40760000,40750000,41130000,41020000,708376,0,0,0,0,40760000,40750000,0,0,0,0,0,0,0,0,13,4,0,0,0,0
ag,AG.SHF,沪银活跃-ag1612,20170103,90033000,80,4890930,0,707728,0,0,9566,584605650,40780000,40700000,40760000,40770000,41130000,41020000,708376,0,0,0,0,40770000,40750000,0,0,0,0,0,0,0,0,26,42,0,0,0,0
ag,AG.SHF,沪银活跃-ag1612,20170103,90033500,2,122280,0,707726,0,0,9568,584727930,40780000,40700000,40760000,40760000,41130000,41020000,708376,0,0,0,0,40770000,40750000,0,0,0,0,0,0,0,0,26,59,0,0,0,0
ag,AG.SHF,沪银活跃-ag1612,20170103,90034000,2,122250,0,707728,0,0,9570,584850180,40780000,40700000,40760000,40750000,41130000,41020000,708376,0,0,0,0,40770000,40750000,0,0,0,0,0,0,0,0,33,73,0,0,0,0
ag,AG.SHF,沪银活跃-ag1612,20170103,90034500,182,11125200,0,707880,0,0,9752,595975380,40780000,40700000,40760000,40750000,41130000,41020000,708376,0,0,0,0,40750000,40740000,0,0,0,0,0,0,0,0,120,44,0,0,0,0
ag,AG.SHF,沪银活跃-ag1612,20170103,90035000,78,4767720,0,707956,0,0,9830,600743100,40780000,40700000,40760000,40750000,41130000,41020000,708376,0,0,0,0,40750000,40740000,0,0,0,0,0,0,0,0,89,49,0,0,0,0
ag,AG.SHF,沪银活跃-ag1612,20170103,90035500,38,2322630,0,707988,0,0,9868,603065730,40780000,40700000,40760000,40740000,41130000,41020000,708376,0,0,0,0,40750000,40740000,0,0,0,0,0,0,0,0,81,39,0,0,0,0
ag,AG.SHF,沪银活跃-ag1612,20170103,90036000,220,13448190,0,707952,0,0,10088,616513920,40780000,40700000,40760000,40750000,41130000,41020000,708376,0,0,0,0,40770000,40750000,0,0,0,0,0,0,0,0,19,98,0,0,0,0
ag,AG.SHF,沪银活跃-ag1612,20170103,90036500,52,3180090,0,707966,0,0,10140,619694010,40780000,40700000,40760000,40780000,41130000,41020000,708376,0,0,0,0,40780000,40770000,0,0,0,0,0,0,0,0,65,10,0,0,0,0
ag,AG.SHF,沪银活跃-ag1612,20170103,90037000,96,5872320,0,707994,0,0,10236,625566330,40780000,40700000,40760000,40780000,41130000,41020000,708376,0,0,0,0,40780000,40770000,0,0,0,0,0,0,0,0,20,18,0,0,0,0
ag,AG.SHF,沪银活跃-ag1612,20170103,90037500,0,0,0,707994,0,0,10236,625566330,40780000,40700000,40760000,40780000,41130000,41020000,708376,0,0,0,0,40780000,40770000,0,0,0,0,0,0,0,0,20,26,0,0,0,0
ag,AG.SHF,沪银活跃-ag1612,20170103,90038000,4,244650,0,707996,0,0,10240,625810980,40780000,40700000,40760000,40770000,41130000,41020000,708376,0,0,0,0,40780000,40770000,0,0,0,0,0,0,0,0,31,31,0,0,0,0
ag,AG.SHF,沪银活跃-ag1612,20170103,90038500,2,122310,0,707998,0,0,10242,625933290,40780000,40700000,40760000,40770000,41130000,41020000,708376,0,0,0,0,40780000,40770000,0,0,0,0,0,0,0,0,48,34,0,0,0,0
ag,AG.SHF,沪银活跃-ag1612,20170103,90039000,50,3057810,0,708042,0,0,10292,628991100,40780000,40700000,40760000,40770000,41130000,41020000,708376,0,0,0,0,40780000,40770000,0,0,0,0,0,0,0,0,58,12,0,0,0,0
ag,AG.SHF,沪银活跃-ag1612,20170103,90039500,134,8196510,0,708114,0,0,10426,637187610,40780000,40700000,40760000,40780000,41130000,41020000,708376,0,0,0,0,40790000,40780000,0,0,0,0,0,0,0,0,4,45,0,0,0,0
ag,AG.SHF,沪银活跃-ag1612,20170103,90040000,50,3059640,0,708104,0,0,10476,640247250,40800000,40700000,40760000,40790000,41130000,41020000,708376,0,0,0,0,40790000,40780000,0,0,0,0,0,0,0,0,2,49,0,0,0,0
ag,AG.SHF,沪银活跃-ag1612,20170103,90040500,22,1345980,0,708104,0,0,10498,641593230,40800000,40700000,40760000,40790000,41130000,41020000,708376,0,0,0,0,40790000,40780000,0,0,0,0,0,0,0,0,10,74,0,0,0,0
ag,AG.SHF,沪银活跃-ag1612,20170103,90041000,152,9298290,0,708078,0,0,10650,650891520,40800000,40700000,40760000,40780000,41130000,41020000,708376,0,0,0,0,40800000,40780000,0,0,0,0,0,0,0,0,43,28,0,0,0,0
ag,AG.SHF,沪银活跃-ag1612,20170103,90041500,2,122400,0,708076,0,0,10652,651013920,40800000,40700000,40760000,40800000,41130000,41020000,708376,0,0,0,0,40800000,40790000,0,0,0,0,0,0,0,0,45,10,0,0,0,0
ag,AG.SHF,沪银活跃-ag1612,20170103,90042000,124,7588260,0,708048,0,0,10776,658602180,40800000,40700000,40760000,40800000,41130000,41020000,708376,0,0,0,0,40810000,40800000,0,0,0,0,0,0,0,0,2,54,0,0,0,0
ag,AG.SHF,沪银活跃-ag1612,20170103,90042500,168,10281060,0,707984,0,0,10944,668883240,40820000,40700000,40760000,40780000,41130000,41020000,708376,0,0,0,0,40800000,40780000,0,0,0,0,0,0,0,0,5,41,0,0,0,0
ag,AG.SHF,沪银活跃-ag1612,20170103,90043000,16,979020,0,707984,0,0,10960,669862260,40820000,40700000,40760000,40790000,41130000,41020000,708376,0,0,0,0,40800000,40790000,0,0,0,0,0,0,0,0,4,6,0,0,0,0
ag,AG.SHF,沪银活跃-ag1612,20170103,90043500,12,734370,0,707988,0,0,10972,670596630,40820000,40700000,40760000,40800000,41130000,41020000,708376,0,0,0,0,40800000,40790000,0,0,0,0,0,0,0,0,13,6,0,0,0,0
ag,AG.SHF,沪银活跃-ag1612,20170103,90044000,38,2325510,0,708010,0,0,11010,672922140,40820000,40700000,40760000,40790000,41130000,41020000,708376,0,0,0,0,40800000,40790000,0,0,0,0,0,0,0,0,1,3,0,0,0,0
ag,AG.SHF,沪银活跃-ag1612,20170103,90044500,26,1591110,0,708028,0,0,11036,674513250,40820000,40700000,40760000,40790000,41130000,41020000,708376,0,0,0,0,40800000,40790000,0,0,0,0,0,0,0,0,7,8,0,0,0,0
ag,AG.SHF,沪银活跃-ag1612,20170103,90045000,54,3304800,0,708020,0,0,11090,677818050,40820000,40700000,40760000,40800000,41130000,41020000,708376,0,0,0,0,40810000,40800000,0,0,0,0,0,0,0,0,6,16,0,0,0,0
ag,AG.SHF,沪银活跃-ag1612,20170103,90045500,72,4406160,0,707998,0,0,11162,682224210,40820000,40700000,40760000,40790000,41130000,41020000,708376,0,0,0,0,40810000,40790000,0,0,0,0,0,0,0,0,7,3,0,0,0,0
ag,AG.SHF,沪银活跃-ag1612,20170103,90046000,52,3182160,0,707990,0,0,11214,685406370,40820000,40700000,40760000,40790000,41130000,41020000,708376,0,0,0,0,40800000,40790000,0,0,0,0,0,0,0,0,3,4,0,0,0,0
ag,AG.SHF,沪银活跃-ag1612,20170103,90046500,26,1591200,0,707980,0,0,11240,686997570,40820000,40700000,40760000,40800000,41130000,41020000,708376,0,0,0,0,40810000,40800000,0,0,0,0,0,0,0,0,19,60,0,0,0,0
ag,AG.SHF,沪银活跃-ag1612,20170103,90047000,6,367200,0,707980,0,0,11246,687364770,40820000,40700000,40760000,40800000,41130000,41020000,708376,0,0,0,0,40810000,40800000,0,0,0,0,0,0,0,0,20,59,0,0,0,0
ag,AG.SHF,沪银活跃-ag1612,20170103,90047500,68,4161900,0,708000,0,0,11314,691526670,40820000,40700000,40760000,40800000,41130000,41020000,708376,0,0,0,0,40810000,40800000,0,0,0,0,0,0,0,0,11,39,0,0,0,0
ag,AG.SHF,沪银活跃-ag1612,20170103,90048000,26,1591530,0,707982,0,0,11340,693118200,40820000,40700000,40760000,40810000,41130000,41020000,708376,0,0,0,0,40820000,40810000,0,0,0,0,0,0,0,0,22,17,0,0,0,0
ag,AG.SHF,沪银活跃-ag1612,20170103,90048500,128,7838460,0,707916,0,0,11468,700956660,40850000,40700000,40760000,40810000,41130000,41020000,708376,0,0,0,0,40830000,40810000,0,0,0,0,0,0,0,0,1,5,0,0,0,0
ag,AG.SHF,沪银活跃-ag1612,20170103,90049000,38,2326530,0,707928,0,0,11506,703283190,40850000,40700000,40760000,40810000,41130000,41020000,708376,0,0,0,0,40820000,40810000,0,0,0,0,0,0,0,0,3,48,0,0,0,0
ag,AG.SHF,沪银活跃-ag1612,20170103,90049500,14,857250,0,707934,0,0,11520,704140440,40850000,40700000,40760000,40820000,41130000,41020000,708376,0,0,0,0,40830000,40820000,0,0,0,0,0,0,0,0,4,9,0,0,0,0
ag,AG.SHF,沪银活跃-ag1612,20170103,90050000,56,3428730,0,707968,0,0,11576,707569170,40850000,40700000,40760000,40830000,41130000,41020000,708376,0,0,0,0,40840000,40830000,0,0,0,0,0,0,0,0,1,6,0,0,0,0
ag,AG.SHF,沪银活跃-ag1612,20170103,90050500,30,1837770,0,707944,0,0,11606,709406940,40850000,40700000,40760000,40840000,41130000,41020000,708376,0,0,0,0,40850000,40840000,0,0,0,0,0,0,0,0,65,74,0,0,0,0
ag,AG.SHF,沪银活跃-ag1612,20170103,90051000,150,9190860,0,707926,0,0,11756,718597800,40850000,40700000,40760000,40840000,41130000,41020000,708376,0,0,0,0,40840000,40830000,0,0,0,0,0,0,0,0,18,23,0,0,0,0
ag,AG.SHF,沪银活跃-ag1612,20170103,90051500,8,490050,0,707924,0,0,11764,719087850,40850000,40700000,40760000,40840000,41130000,41020000,708376,0,0,0,0,40840000,40830000,0,0,0,0,0,0,0,0,35,25,0,0,0,0
ag,AG.SHF,沪银活跃-ag1612,20170103,90052000,58,3552330,0,707942,0,0,11822,722640180,40850000,40700000,40760000,40830000,41130000,41020000,708376,0,0,0,0,40830000,40820000,0,0,0,0,0,0,0,0,8,18,0,0,0,0
ag,AG.SHF,沪银活跃-ag1612,20170103,90052500,76,4654290,0,707974,0,0,11898,727294470,40850000,40700000,40760000,40830000,41130000,41020000,708376,0,0,0,0,40830000,40820000,0,0,0,0,0,0,0,0,19,13,0,0,0,0
ag,AG.SHF,沪银活跃-ag1612,20170103,90053000,14,857400,0,707988,0,0,11912,728151870,40850000,40700000,40760000,40830000,41130000,41020000,708376,0,0,0,0,40830000,40820000,0,0,0,0,0,0,0,0,14,13,0,0,0,0
ag,AG.SHF,沪银活跃-ag1612,20170103,90053500,50,3062070,0,707990,0,0,11962,731213940,40850000,40700000,40760000,40840000,41130000,41020000,708376,0,0,0,0,40840000,40820000,0,0,0,0,0,0,0,0,14,3,0,0,0,0
ag,AG.SHF,沪银活跃-ag1612,20170103,90054000,0,0,0,707990,0,0,11962,731213940,40850000,40700000,40760000,40840000,41130000,41020000,708376,0,0,0,0,40830000,40820000,0,0,0,0,0,0,0,0,4,18,0,0,0,0
ag,AG.SHF,沪银活跃-ag1612,20170103,90054500,22,1347210,0,707990,0,0,11984,732561150,40850000,40700000,40760000,40830000,41130000,41020000,708376,0,0,0,0,40830000,40820000,0,0,0,0,0,0,0,0,1,16,0,0,0,0
ag,AG.SHF,沪银活跃-ag1612,20170103,90055000,10,612450,0,707992,0,0,11994,733173600,40850000,40700000,40760000,40830000,41130000,41020000,708376,0,0,0,0,40840000,40830000,0,0,0,0,0,0,0,0,19,13,0,0,0,0
ag,AG.SHF,沪银活跃-ag1612,20170103,90055500,64,3919560,0,708034,0,0,12058,737093160,40850000,40700000,40760000,40830000,41130000,41020000,708376,0,0,0,0,40840000,40830000,0,0,0,0,0,0,0,0,21,14,0,0,0,0
ag,AG.SHF,沪银活跃-ag1612,20170103,90056000,52,3184710,0,708056,0,0,12110,740277870,40850000,40700000,40760000,40830000,41130000,41020000,708376,0,0,0,0,40830000,40820000,0,0,0,0,0,0,0,0,37,9,0,0,0,0
ag,AG.SHF,沪银活跃-ag1612,20170103,90056500,54,3306840,0,708028,0,0,12164,743584710,40850000,40700000,40760000,40820000,41130000,41020000,708376,0,0,0,0,40820000,40810000,0,0,0,0,0,0,0,0,39,56,0,0,0,0
ag,AG.SHF,沪银活跃-ag1612,20170103,90057000,42,2571060,0,708028,0,0,12206,746155770,40850000,40700000,40760000,40810000,41130000,41020000,708376,0,0,0,0,40820000,40810000,0,0,0,0,0,0,0,0,43,41,0,0,0,0
ag,AG.SHF,沪银活跃-ag1612,20170103,90057500,30,1836870,0,708012,0,0,12236,747992640,40850000,40700000,40760000,40820000,41130000,41020000,708376,0,0,0,0,40820000,40810000,0,0,0,0,0,0,0,0,29,40,0,0,0,0
ag,AG.SHF,沪银活跃-ag1612,20170103,90058000,6,367350,0,708010,0,0,12242,748359990,40850000,40700000,40760000,40810000,41130000,41020000,708376,0,0,0,0,40820000,40810000,0,0,0,0,0,0,0,0,29,40,0,0,0,0
ag,AG.SHF,沪银活跃-ag1612,20170103,90058500,20,1224360,0,708008,0,0,12262,749584350,40850000,40700000,40760000,40810000,41130000,41020000,708376,0,0,0,0,40820000,40810000,0,0,0,0,0,0,0,0,31,33,0,0,0,0
ag,AG.SHF,沪银活跃-ag1612,20170103,90059000,14,857070,0,708002,0,0,12276,750441420,40850000,40700000,40760000,40820000,41130000,41020000,708376,0,0,0,0,40820000,40810000,0,0,0,0,0,0,0,0,37,29,0,0,0,0
ag,AG.SHF,沪银活跃-ag1612,20170103,90059500,18,1101930,0,708004,0,0,12294,751543350,40850000,40700000,40760000,40810000,41130000,41020000,708376,0,0,0,0,40820000,40810000,0,0,0,0,0,0,0,0,35,26,0,0,0,0
ag,AG.SHF,沪银活跃-ag1612,20170103,90100000,18,1102140,0,707998,0,0,12312,752645490,40850000,40700000,40760000,40820000,41130000,41020000,708376,0,0,0,0,40820000,40810000,0,0,0,0,0,0,0,0,26,26,0,0,0,0
ag,AG.SHF,沪银活跃-ag1612,20170103,90100500,98,5999250,0,708000,0,0,12410,758644740,40850000,40700000,40760000,40810000,41130000,41020000,708376,0,0,0,0,40810000,40800000,0,0,0,0,0,0,0,0,66,87,0,0,0,0
ag,AG.SHF,沪银活跃-ag1612,20170103,90101000,58,3550230,0,708032,0,0,12468,762194970,40850000,40700000,40760000,40810000,41130000,41020000,708376,0,0,0,0,40810000,40800000,0,0,0,0,0,0,0,0,96,79,0,0,0,0
ag,AG.SHF,沪银活跃-ag1612,20170103,90101500,32,1958880,0,708044,0,0,12500,764153850,40850000,40700000,40760000,40810000,41130000,41020000,708376,0,0,0,0,40810000,40800000,0,0,0,0,0,0,0,0,80,79,0,0,0,0
ag,AG.SHF,沪银活跃-ag1612,20170103,90102000,72,4406550,0,708002,0,0,12572,768560400,40850000,40700000,40760000,40810000,41130000,41020000,708376,0,0,0,0,40810000,40800000,0,0,0,0,0,0,0,0,78,51,0,0,0,0
ag,AG.SHF,沪银活跃-ag1612,20170103,90102500,42,2570730,0,708020,0,0,12614,771131130,40850000,40700000,40760000,40800000,41130000,41020000,708376,0,0,0,0,40810000,40800000,0,0,0,0,0,0,0,0,66,42,0,0,0,0
ag,AG.SHF,沪银活跃-ag1612,20170103,90103000,62,3795270,0,708068,0,0,12676,774926400,40850000,40700000,40760000,40810000,41130000,41020000,708376,0,0,0,0,40810000,40800000,0,0,0,0,0,0,0,0,39,40,0,0,0,0
ag,AG.SHF,沪银活跃-ag1612,20170103,90103500,122,7467510,0,708102,0,0,12798,782393910,40850000,40700000,40760000,40810000,41130000,41020000,708376,0,0,0,0,40810000,40800000,0,0,0,0,0,0,0,0,2,19,0,0,0,0
ag,AG.SHF,沪银活跃-ag1612,20170103,90104000,76,4651620,0,708126,0,0,12874,787045530,40850000,40700000,40760000,40800000,41130000,41020000,708376,0,0,0,0,40820000,40810000,0,0,0,0,0,0,0,0,146,1,0,0,0,0
ag,AG.SHF,沪银活跃-ag1612,20170103,90104500,22,1346610,0,708110,0,0,12896,788392140,40850000,40700000,40760000,40810000,41130000,41020000,708376,0,0,0,0,40810000,40800000,0,0,0,0,0,0,0,0,25,4,0,0,0,0
ag,AG.SHF,沪银活跃-ag1612,20170103,90105000,88,5385720,0,708084,0,0,12984,793777860,40850000,40700000,40760000,40800000,41130000,41020000,708376,0,0,0,0,40800000,40790000,0,0,0,0,0,0,0,0,65,24,0,0,0,0
ag,AG.SHF,沪银活跃-ag1612,20170103,90105500,240,14688240,0,707960,0,0,13224,808466100,40850000,40700000,40760000,40810000,41130000,41020000,708376,0,0,0,0,40810000,40800000,0,0,0,0,0,0,0,0,12,48,0,0,0,0
ag,AG.SHF,沪银活跃-ag1612,20170103,90106000,64,3918060,0,707966,0,0,13288,812384160,40850000,40700000,40760000,40810000,41130000,41020000,708376,0,0,0,0,40820000,40810000,0,0,0,0,0,0,0,0,99,3,0,0,0,0
ag,AG.SHF,沪银活跃-ag1612,20170103,90106500,28,1714350,0,707948,0,0,13316,814098510,40850000,40700000,40760000,40820000,41130000,41020000,708376,0,0,0,0,40820000,40810000,0,0,0,0,0,0,0,0,95,28,0,0,0,0
ag,AG.SHF,沪银活跃-ag1612,20170103,90107000,76,4653180,0,707956,0,0,13392,818751690,40850000,40700000,40760000,40820000,41130000,41020000,708376,0,0,0,0,40820000,40810000,0,0,0,0,0,0,0,0,67,18,0,0,0,0
ag,AG.SHF,沪银活跃-ag1612,20170103,90107500,32,1959240,0,707940,0,0,13424,820710930,40850000,40700000,40760000,40820000,41130000,41020000,708376,0,0,0,0,40820000,40810000,0,0,0,0,0,0,0,0,55,14,0,0,0,0
ag,AG.SHF,沪银活跃-ag1612,20170103,90108000,26,1591830,0,707936,0,0,13450,822302760,40850000,40700000,40760000,40820000,41130000,41020000,708376,0,0,0,0,40820000,40810000,0,0,0,0,0,0,0,0,48,10,0,0,0,0
ag,AG.SHF,沪银活跃-ag1612,20170103,90108500,32,1959150,0,707930,0,0,13482,824261910,40850000,40700000,40760000,40810000,41130000,41020000,708376,0,0,0,0,40820000,40810000,0,0,0,0,0,0,0,0,61,34,0,0,0,0
ag,AG.SHF,沪银活跃-ag1612,20170103,90109000,76,4652550,0,707916,0,0,13558,828914460,40850000,40700000,40760000,40820000,41130000,41020000,708376,0,0,0,0,40820000,40810000,0,0,0,0,0,0,0,0,55,2,0,0,0,0
ag,AG.SHF,沪银活跃-ag1612,20170103,90109500,8,489840,0,707908,0,0,13566,829404300,40850000,40700000,40760000,40820000,41130000,41020000,708376,0,0,0,0,40820000,40810000,0,0,0,0,0,0,0,0,59,52,0,0,0,0
ag,AG.SHF,沪银活跃-ag1612,20170103,90110000,118,7225140,0,707932,0,0,13684,836629440,40850000,40700000,40760000,40820000,41130000,41020000,708376,0,0,0,0,40830000,40820000,0,0,0,0,0,0,0,0,34,298,0,0,0,0
ag,AG.SHF,沪银活跃-ag1612,20170103,90110500,34,2082210,0,707942,0,0,13718,838711650,40850000,40700000,40760000,40820000,41130000,41020000,708376,0,0,0,0,40830000,40820000,0,0,0,0,0,0,0,0,24,301,0,0,0,0
ag,AG.SHF,沪银活跃-ag1612,20170103,90111000,40,2449590,0,707972,0,0,13758,841161240,40850000,40700000,40760000,40820000,41130000,41020000,708376,0,0,0,0,40830000,40820000,0,0,0,0,0,0,0,0,19,299,0,0,0,0
ag,AG.SHF,沪银活跃-ag1612,20170103,90111500,124,7592880,0,707980,0,0,13882,848754120,40850000,40700000,40760000,40820000,41130000,41020000,708376,0,0,0,0,40830000,40820000,0,0,0,0,0,0,0,0,7,10,0,0,0,0
ag,AG.SHF,沪银活跃-ag1612,20170103,90112000,22,1347330,0,707976,0,0,13904,850101450,40850000,40700000,40760000,40830000,41130000,41020000,708376,0,0,0,0,40830000,40820000,0,0,0,0,0,0,0,0,19,11,0,0,0,0
ag,AG.SHF,沪银活跃-ag1612,20170103,90112500,84,5143050,0,707976,0,0,13988,855244500,40850000,40700000,40760000,40830000,41130000,41020000,708376,0,0,0,0,40830000,40820000,0,0,0,0,0,0,0,0,47,1,0,0,0,0
ag,AG.SHF,沪银活跃-ag1612,20170103,90113000,38,2326740,0,707970,0,0,14026,857571240,40850000,40700000,40760000,40820000,41130000,41020000,708376,0,0,0,0,40820000,40810000,0,0,0,0,0,0,0,0,36,60,0,0,0,0
ag,AG.SHF,沪银活跃-ag1612,20170103,90113500,20,1224600,0,707962,0,0,14046,858795840,40850000,40700000,40760000,40820000,41130000,41020000,708376,0,0,0,0,40820000,40810000,0,0,0,0,0,0,0,0,35,61,0,0,0,0
ag,AG.SHF,沪银活跃-ag1612,20170103,90114000,18,1102140,0,707956,0,0,14064,859897980,40850000,40700000,40760000,40820000,41130000,41020000,708376,0,0,0,0,40820000,40810000,0,0,0,0,0,0,0,0,6,65,0,0,0,0
ag,AG.SHF,沪银活跃-ag1612,20170103,90114500,12,734760,0,707968,0,0,14076,860632740,40850000,40700000,40760000,40820000,41130000,41020000,708376,0,0,0,0,40830000,40820000,0,0,0,0,0,0,0,0,50,3,0,0,0,0
ag,AG.SHF,沪银活跃-ag1612,20170103,90115000,26,1591980,0,707952,0,0,14102,862224720,40850000,40700000,40760000,40820000,41130000,41020000,708376,0,0,0,0,40820000,40810000,0,0,0,0,0,0,0,0,119,65,0,0,0,0
ag,AG.SHF,沪银活跃-ag1612,20170103,90115500,60,3673800,0,707960,0,0,14162,865898520,40850000,40700000,40760000,40820000,41130000,41020000,708376,0,0,0,0,40820000,40810000,0,0,0,0,0,0,0,0,89,65,0,0,0,0
ag,AG.SHF,沪银活跃-ag1612,20170103,90116000,88,5388120,0,707960,0,0,14250,871286640,40850000,40700000,40760000,40810000,41130000,41020000,708376,0,0,0,0,40820000,40810000,0,0,0,0,0,0,0,0,49,59,0,0,0,0
ag,AG.SHF,沪银活跃-ag1612,20170103,90116500,754,46130970,0,707674,0,0,15004,917417610,40850000,40700000,40760000,40810000,41130000,41020000,708376,0,0,0,0,40800000,40780000,0,0,0,0,0,0,0,0,2,1,0,0,0,0
ag,AG.SHF,沪银活跃-ag1612,20170103,90117000,34,2080800,0,707670,0,0,15038,919498410,40850000,40700000,40760000,40800000,41130000,41020000,708376,0,0,0,0,40800000,40790000,0,0,0,0,0,0,0,0,8,4,0,0,0,0
ag,AG.SHF,沪银活跃-ag1612,20170103,90117500,20,1224030,0,707676,0,0,15058,920722440,40850000,40700000,40760000,40810000,41130000,41020000,708376,0,0,0,0,40810000,40800000,0,0,0,0,0,0,0,0,7,4,0,0,0,0
ag,AG.SHF,沪银活跃-ag1612,20170103,90118000,2,122400,0,707678,0,0,15060,920844840,40850000,40700000,40760000,40800000,41130000,41020000,708376,0,0,0,0,40810000,40800000,0,0,0,0,0,0,0,0,24,8,0,0,0,0
ag,AG.SHF,沪银活跃-ag1612,20170103,90118500,20,1224300,0,707678,0,0,15080,922069140,40850000,40700000,40760000,40810000,41130000,41020000,708376,0,0,0,0,40810000,40800000,0,0,0,0,0,0,0,0,49,17,0,0,0,0
ag,AG.SHF,沪银活跃-ag1612,20170103,90119000,18,1101870,0,707674,0,0,15098,923171010,40850000,40700000,40760000,40810000,41130000,41020000,708376,0,0,0,0,40810000,40800000,0,0,0,0,0,0,0,0,45,15,0,0,0,0
ag,AG.SHF,沪银活跃-ag1612,20170103,90119500,28,1713720,0,707684,0,0,15126,924884730,40850000,40700000,40760000,40800000,41130000,41020000,708376,0,0,0,0,40810000,40800000,0,0,0,0,0,0,0,0,42,9,0,0,0,0
ag,AG.SHF,沪银活跃-ag1612,20170103,90120000,14,857010,0,707680,0,0,15140,925741740,40850000,40700000,40760000,40810000,41130000,41020000,708376,0,0,0,0,40810000,40800000,0,0,0,0,0,0,0,0,35,13,0,0,0,0
ag,AG.SHF,沪银活跃-ag1612,20170103,90120500,16,979410,0,707668,0,0,15156,926721150,40850000,40700000,40760000,40810000,41130000,41020000,708376,0,0,0,0,40810000,40800000,0,0,0,0,0,0,0,0,29,27,0,0,0,0
ag,AG.SHF,沪银活跃-ag1612,20170103,90121000,50,3060720,0,707648,0,0,15206,929781870,40850000,40700000,40760000,40810000,41130000,41020000,708376,0,0,0,0,40810000,40800000,0,0,0,0,0,0,0,0,5,29,0,0,0,0
ag,AG.SHF,沪银活跃-ag1612,20170103,90121500,56,3428040,0,707626,0,0,15262,933209910,40850000,40700000,40760000,40810000,41130000,41020000,708376,0,0,0,0,40820000,40810000,0,0,0,0,0,0,0,0,36,21,0,0,0,0
ag,AG.SHF,沪银活跃-ag1612,20170103,90122000,80,4897650,0,707630,0,0,15342,938107560,40850000,40700000,40760000,40800000,41130000,41020000,708376,0,0,0,0,40820000,40800000,0,0,0,0,0,0,0,0,18,36,0,0,0,0
ag,AG.SHF,沪银活跃-ag1612,20170103,90122500,18,1101780,0,707630,0,0,15360,939209340,40850000,40700000,40760000,40800000,41130000,41020000,708376,0,0,0,0,40810000,40800000,0,0,0,0,0,0,0,0,1,34,0,0,0,0
ag,AG.SHF,沪银活跃-ag1612,20170103,90123000,14,857010,0,707636,0,0,15374,940066350,40850000,40700000,40760000,40810000,41130000,41020000,708376,0,0,0,0,40820000,40810000,0,0,0,0,0,0,0,0,18,20,0,0,0,0
ag,AG.SHF,沪银活跃-ag1612,20170103,90123500,42,2571090,0,707658,0,0,15416,942637440,40850000,40700000,40760000,40810000,41130000,41020000,708376,0,0,0,0,40810000,40800000,0,0,0,0,0,0,0,0,166,38,0,0,0,0
ag,AG.SHF,沪银活跃-ag1612,20170103,90124000,38,2326110,0,707684,0,0,15454,944963550,40850000,40700000,40760000,40810000,41130000,41020000,708376,0,0,0,0,40810000,40800000,0,0,0,0,0,0,0,0,149,36,0,0,0,0
ag,AG.SHF,沪银活跃-ag1612,20170103,90124500,112,6856080,0,707686,0,0,15566,951819630,40850000,40700000,40760000,40810000,41130000,41020000,708376,0,0,0,0,40810000,40800000,0,0,0,0,0,0,0,0,93,70,0,0,0,0
ag,AG.SHF,沪银活跃-ag1612,20170103,90125000,160,9793740,0,707770,0,0,15726,961613370,40850000,40700000,40760000,40810000,41130000,41020000,708376,0,0,0,0,40810000,40800000,0,0,0,0,0,0,0,0,40,53,0,0,0,0
ag,AG.SHF,沪银活跃-ag1612,20170103,90125500,44,2693610,0,707778,0,0,15770,964306980,40850000,40700000,40760000,40820000,41130000,41020000,708376,0,0,0,0,40820000,40810000,0,0,0,0,0,0,0,0,22,22,0,0,0,0
ag,AG.SHF,沪银活跃-ag1612,20170103,90126000,56,3428760,0,707758,0,0,15826,967735740,40850000,40700000,40760000,40820000,41130000,41020000,708376,0,0,0,0,40820000,40810000,0,0,0,0,0,0,0,0,19,21,0,0,0,0
ag,AG.SHF,沪银活跃-ag1612,20170103,90126500,58,3551280,0,707762,0,0,15884,971287020,40850000,40700000,40760000,40820000,41130000,41020000,708376,0,0,0,0,40830000,40820000,0,0,0,0,0,0,0,0,24,25,0,0,0,0
ag,AG.SHF,沪银活跃-ag1612,20170103,90127000,82,5021550,0,707686,0,0,15966,976308570,40850000,40700000,40760000,40830000,41130000,41020000,708376,0,0,0,0,40840000,40830000,0,0,0,0,0,0,0,0,21,30,0,0,0,0
ag,AG.SHF,沪银活跃-ag1612,20170103,90127500,40,2449920,0,707646,0,0,16006,978758490,40850000,40700000,40760000,40830000,41130000,41020000,708376,0,0,0,0,40840000,40830000,0,0,0,0,0,0,0,0,17,22,0,0,0,0
ag,AG.SHF,沪银活跃-ag1612,20170103,90128000,50,3062370,0,707614,0,0,16056,981820860,40850000,40700000,40760000,40830000,41130000,41020000,708376,0,0,0,0,40840000,40830000,0,0,0,0,0,0,0,0,21,2,0,0,0,0
ag,AG.SHF,沪银活跃-ag1612,20170103,90128500,16,980040,0,707604,0,0,16072,982800900,40850000,40700000,40760000,40830000,41130000,41020000,708376,0,0,0,0,40840000,40830000,0,0,0,0,0,0,0,0,14,11,0,0,0,0
ag,AG.SHF,沪银活跃-ag1612,20170103,90129000,16,980040,0,707602,0,0,16088,983780940,40850000,40700000,40760000,40830000,41130000,41020000,708376,0,0,0,0,40840000,40830000,0,0,0,0,0,0,0,0,10,9,0,0,0,0
ag,AG.SHF,沪银活跃-ag1612,20170103,90129500,14,857580,0,707602,0,0,16102,984638520,40850000,40700000,40760000,40840000,41130000,41020000,708376,0,0,0,0,40840000,40830000,0,0,0,0,0,0,0,0,5,20,0,0,0,0
ag,AG.SHF,沪银活跃-ag1612,20170103,90130000,26,1592580,0,707608,0,0,16128,986231100,40850000,40700000,40760000,40840000,41130000,41020000,708376,0,0,0,0,40850000,40830000,0,0,0,0,0,0,0,0,14,17,0,0,0,0
ag,AG.SHF,沪银活跃-ag1612,20170103,90130500,8,490200,0,707604,0,0,16136,986721300,40850000,40700000,40760000,40850000,41130000,41020000,708376,0,0,0,0,40850000,40840000,0,0,0,0,0,0,0,0,10,26,0,0,0,0
ag,AG.SHF,沪银活跃-ag1612,20170103,90131000,24,1470600,0,707606,0,0,16160,988191900,40850000,40700000,40760000,40850000,41130000,41020000,708376,0,0,0,0,40860000,40850000,0,0,0,0,0,0,0,0,333,10,0,0,0,0
ag,AG.SHF,沪银活跃-ag1612,20170103,90131500,34,2083290,0,707596,0,0,16194,990275190,40850000,40700000,40760000,40840000,41130000,41020000,708376,0,0,0,0,40850000,40840000,0,0,0,0,0,0,0,0,59,10,0,0,0,0
ag,AG.SHF,沪银活跃-ag1612,20170103,90132000,32,1960290,0,707580,0,0,16226,992235480,40850000,40700000,40760000,40840000,41130000,41020000,708376,0,0,0,0,40840000,40830000,0,0,0,0,0,0,0,0,14,78,0,0,0,0
ag,AG.SHF,沪银活跃-ag1612,20170103,90132500,34,2082630,0,707562,0,0,16260,994318110,40850000,40700000,40760000,40840000,41130000,41020000,708376,0,0,0,0,40840000,40830000,0,0,0,0,0,0,0,0,5,76,0,0,0,0
ag,AG.SHF,沪银活跃-ag1612,20170103,90133000,22,1347720,0,707548,0,0,16282,995665830,40850000,40700000,40760000,40840000,41130000,41020000,708376,0,0,0,0,40840000,40830000,0,0,0,0,0,0,0,0,1,80,0,0,0,0
ag,AG.SHF,沪银活跃-ag1612,20170103,90133500,120,7351200,0,707548,0,0,16402,1003017030,40850000,40700000,40760000,40840000,41130000,41020000,708376,0,0,0,0,40850000,40840000,0,0,0,0,0,0,0,0,60,32,0,0,0,0
ag,AG.SHF,沪银活跃-ag1612,20170103,90134000,80,4900800,0,707622,0,0,16482,1007917830,40850000,40700000,40760000,40840000,41130000,41020000,708376,0,0,0,0,40840000,40830000,0,0,0,0,0,0,0,0,84,80,0,0,0,0
ag,AG.SHF,沪银活跃-ag1612,20170103,90134500,136,8329620,0,707666,0,0,16618,1016247450,40850000,40700000,40760000,40840000,41130000,41020000,708376,0,0,0,0,40840000,40830000,0,0,0,0,0,0,0,0,66,22,0,0,0,0
ag,AG.SHF,沪银活跃-ag1612,20170103,90135000,330,20217360,0,707768,0,0,16948,1036464810,40850000,40700000,40760000,40850000,41130000,41020000,708376,0,0,0,0,40860000,40850000,0,0,0,0,0,0,0,0,338,96,0,0,0,0
ag,AG.SHF,沪银活跃-ag1612,20170103,90135500,102,6250080,0,707822,0,0,17050,1042714890,40860000,40700000,40760000,40850000,41130000,41020000,708376,0,0,0,0,40860000,40850000,0,0,0,0,0,0,0,0,343,46,0,0,0,0
ag,AG.SHF,沪银活跃-ag1612,20170103,90136000,144,8822640,0,707874,0,0,17194,1051537530,40860000,40700000,40760000,40830000,41130000,41020000,708376,0,0,0,0,40830000,40820000,0,0,0,0,0,0,0,0,27,6,0,0,0,0
ag,AG.SHF,沪银活跃-ag1612,20170103,90136500,68,4164600,0,707824,0,0,17262,1055702130,40860000,40700000,40760000,40830000,41130000,41020000,708376,0,0,0,0,40840000,40820000,0,0,0,0,0,0,0,0,2,39,0,0,0,0
ag,AG.SHF,沪银活跃-ag1612,20170103,90137000,62,3798420,0,707868,0,0,17324,1059500550,40860000,40700000,40760000,40840000,41130000,41020000,708376,0,0,0,0,40840000,40830000,0,0,0,0,0,0,0,0,5,13,0,0,0,0
ag,AG.SHF,沪银活跃-ag1612,20170103,90137500,12,735090,0,707864,0,0,17336,1060235640,40860000,40700000,40760000,40840000,41130000,41020000,708376,0,0,0,0,40840000,40830000,0,0,0,0,0,0,0,0,1,38,0,0,0,0
ag,AG.SHF,沪银活跃-ag1612,20170103,90138000,92,5634690,0,707924,0,0,17428,1065870330,40860000,40700000,40760000,40830000,41130000,41020000,708376,0,0,0,0,40840000,40820000,0,0,0,0,0,0,0,0,32,41,0,0,0,0
ag,AG.SHF,沪银活跃-ag1612,20170103,90138500,62,3796560,0,707918,0,0,17490,1069666890,40860000,40700000,40760000,40820000,41130000,41020000,708376,0,0,0,0,40820000,40810000,0,0,0,0,0,0,0,0,74,98,0,0,0,0
ag,AG.SHF,沪银活跃-ag1612,20170103,90139000,182,11144670,0,707784,0,0,17672,1080811560,40860000,40700000,40760000,40820000,41130000,41020000,708376,0,0,0,0,40840000,40820000,0,0,0,0,0,0,0,0,27,71,0,0,0,0
ag,AG.SHF,沪银活跃-ag1612,20170103,90139500,6,367440,0,707782,0,0,17678,1081179000,40860000,40700000,40760000,40840000,41130000,41020000,708376,0,0,0,0,40840000,40820000,0,0,0,0,0,0,0,0,28,69,0,0,0,0
ag,AG.SHF,沪银活跃-ag1612,20170103,90140000,18,1102680,0,707790,0,0,17696,1082281680,40860000,40700000,40760000,40840000,41130000,41020000,708376,0,0,0,0,40840000,40820000,0,0,0,0,0,0,0,0,19,67,0,0,0,0
ag,AG.SHF,沪银活跃-ag1612,20170103,90140500,18,1102590,0,707782,0,0,17714,1083384270,40860000,40700000,40760000,40840000,41130000,41020000,708376,0,0,0,0,40840000,40820000,0,0,0,0,0,0,0,0,14,66,0,0,0,0
ag,AG.SHF,沪银活跃-ag1612,20170103,90141000,8,490080,0,707778,0,0,17722,1083874350,40860000,40700000,40760000,40840000,41130000,41020000,708376,0,0,0,0,40840000,40830000,0,0,0,0,0,0,0,0,15,7,0,0,0,0
ag,AG.SHF,沪银活跃-ag1612,20170103,90141500,22,1347690,0,707770,0,0,17744,1085222040,40860000,40700000,40760000,40830000,41130000,41020000,708376,0,0,0,0,40840000,40830000,0,0,0,0,0,0,0,0,11,8,0,0,0,0
ag,AG.SHF,沪银活跃-ag1612,20170103,90142000,14,857640,0,707766,0,0,17758,1086079680,40860000,40700000,40760000,40840000,41130000,41020000,708376,0,0,0,0,40840000,40830000,0,0,0,0,0,0,0,0,6,10,0,0,0,0
ag,AG.SHF,沪银活跃-ag1612,20170103,90142500,28,1715130,0,707752,0,0,17786,1087794810,40860000,40700000,40760000,40840000,41130000,41020000,708376,0,0,0,0,40840000,40830000,0,0,0,0,0,0,0,0,2,10,0,0,0,0
ag,AG.SHF,沪银活跃-ag1612,20170103,90143000,6,367560,0,707746,0,0,17792,1088162370,40860000,40700000,40760000,40840000,41130000,41020000,708376,0,0,0,0,40840000,40830000,0,0,0,0,0,0,0,0,11,22,0,0,0,0
ag,AG.SHF,沪银活跃-ag1612,20170103,90143500,12,735090,0,707742,0,0,17804,1088897460,40860000,40700000,40760000,40840000,41130000,41020000,708376,0,0,0,0,40840000,40830000,0,0,0,0,0,0,0,0,6,21,0,0,0,0
ag,AG.SHF,沪银活跃-ag1612,20170103,90144000,20,1225110,0,707738,0,0,17824,1090122570,40860000,40700000,40760000,40840000,41130000,41020000,708376,0,0,0,0,40840000,40830000,0,0,0,0,0,0,0,0,1,20,0,0,0,0
ag,AG.SHF,沪银活跃-ag1612,20170103,90144500,64,3920280,0,707740,0,0,17888,1094042850,40860000,40700000,40760000,40830000,41130000,41020000,708376,0,0,0,0,40850000,40830000,0,0,0,0,0,0,0,0,221,7,0,0,0,0
ag,AG.SHF,沪银活跃-ag1612,20170103,90145000,38,2327610,0,707718,0,0,17926,1096370460,40860000,40700000,40760000,40840000,41130000,41020000,708376,0,0,0,0,40840000,40830000,0,0,0,0,0,0,0,0,5,1,0,0,0,0
ag,AG.SHF,沪银活跃-ag1612,20170103,90145500,18,1102680,0,707726,0,0,17944,1097473140,40860000,40700000,40760000,40840000,41130000,41020000,708376,0,0,0,0,40840000,40830000,0,0,0,0,0,0,0,0,2,13,0,0,0,0
ag,AG.SHF,沪银活跃-ag1612,20170103,90146000,8,490080,0,707728,0,0,17952,1097963220,40860000,40700000,40760000,40840000,41130000,41020000,708376,0,0,0,0,40850000,40840000,0,0,0,0,0,0,0,0,231,3,0,0,0,0
ag,AG.SHF,沪银活跃-ag1612,20170103,90146500,12,735210,0,707724,0,0,17964,1098698430,40860000,40700000,40760000,40850000,41130000,41020000,708376,0,0,0,0,40850000,40840000,0,0,0,0,0,0,0,0,228,1,0,0,0,0
ag,AG.SHF,沪银活跃-ag1612,20170103,90147000,8,490170,0,707722,0,0,17972,1099188600,40860000,40700000,40760000,40840000,41130000,41020000,708376,0,0,0,0,40850000,40840000,0,0,0,0,0,0,0,0,225,3,0,0,0,0
ag,AG.SHF,沪银活跃-ag1612,20170103,90147500,14,857640,0,707716,0,0,17986,1100046240,40860000,40700000,40760000,40830000,41130000,41020000,708376,0,0,0,0,40850000,40830000,0,0,0,0,0,0,0,0,223,60,0,0,0,0
ag,AG.SHF,沪银活跃-ag1612,20170103,90148000,22,1347840,0,707724,0,0,18008,1101394080,40860000,40700000,40760000,40840000,41130000,41020000,708376,0,0,0,0,40840000,40830000,0,0,0,0,0,0,0,0,1,73,0,0,0,0
ag,AG.SHF,沪银活跃-ag1612,20170103,90148500,64,3921570,0,707784,0,0,18072,1105315650,40860000,40700000,40760000,40850000,41130000,41020000,708376,0,0,0,0,40850000,40840000,0,0,0,0,0,0,0,0,191,19,0,0,0,0
ag,AG.SHF,沪银活跃-ag1612,20170103,90149000,0,0,0,707784,0,0,18072,1105315650,40860000,40700000,40760000,40850000,41130000,41020000,708376,0,0,0,0,40850000,40840000,0,0,0,0,0,0,0,0,191,21,0,0,0,0
ag,AG.SHF,沪银活跃-ag1612,20170103,90149500,14,857820,0,707784,0,0,18086,1106173470,40860000,40700000,40760000,40850000,41130000,41020000,708376,0,0,0,0,40850000,40840000,0,0,0,0,0,0,0,0,186,18,0,0,0,0
ag,AG.SHF,沪银活跃-ag1612,20170103,90150000,54,3308190,0,707762,0,0,18140,1109481660,40860000,40700000,40760000,40840000,41130000,41020000,708376,0,0,0,0,40850000,40840000,0,0,0,0,0,0,0,0,181,5,0,0,0,0
ag,AG.SHF,沪银活跃-ag1612,20170103,90150500,14,857820,0,707760,0,0,18154,1110339480,40860000,40700000,40760000,40840000,41130000,41020000,708376,0,0,0,0,40850000,40840000,0,0,0,0,0,0,0,0,175,5,0,0,0,0
ag,AG.SHF,沪银活跃-ag1612,20170103,90151000,20,1225350,0,707764,0,0,18174,1111564830,40860000,40700000,40760000,40840000,41130000,41020000,708376,0,0,0,0,40840000,40830000,0,0,0,0,0,0,0,0,26,97,0,0,0,0
ag,AG.SHF,沪银活跃-ag1612,20170103,90151500,24,1470240,0,707744,0,0,18198,1113035070,40860000,40700000,40760000,40840000,41130000,41020000,708376,0,0,0,0,40840000,40830000,0,0,0,0,0,0,0,0,14,97,0,0,0,0
ag,AG.SHF,沪银活跃-ag1612,20170103,90152000,20,1225200,0,707736,0,0,18218,1114260270,40860000,40700000,40760000,40840000,41130000,41020000,708376,0,0,0,0,40840000,40830000,0,0,0,0,0,0,0,0,4,97,0,0,0,0
ag,AG.SHF,沪银活跃-ag1612,20170103,90152500,22,1347720,0,707738,0,0,18240,1115607990,40860000,40700000,40760000,40840000,41130000,41020000,708376,0,0,0,0,40840000,40830000,0,0,0,0,0,0,0,0,7,98,0,0,0,0
ag,AG.SHF,沪银活跃-ag1612,20170103,90153000,14,857640,0,707744,0,0,18254,1116465630,40860000,40700000,40760000,40840000,41130000,41020000,708376,0,0,0,0,40850000,40840000,0,0,0,0,0,0,0,0,172,6,0,0,0,0
ag,AG.SHF,沪银活跃-ag1612,20170103,90153500,32,1960230,0,707762,0,0,18286,1118425860,40860000,40700000,40760000,40840000,41130000,41020000,708376,0,0,0,0,40840000,40830000,0,0,0,0,0,0,0,0,3,82,0,0,0,0
ag,AG.SHF,沪银活跃-ag1612,20170103,90154000,8,490080,0,707760,0,0,18294,1118915940,40860000,40700000,40760000,40840000,41130000,41020000,708376,0,0,0,0,40850000,40830000,0,0,0,0,0,0,0,0,174,93,0,0,0,0
ag,AG.SHF,沪银活跃-ag1612,20170103,90154500,116,7105320,0,707670,0,0,18410,1126021260,40860000,40700000,40760000,40840000,41130000,41020000,708376,0,0,0,0,40840000,40830000,0,0,0,0,0,0,0,0,3,57,0,0,0,0
ag,AG.SHF,沪银活跃-ag1612,20170103,90155000,64,3920040,0,707624,0,0,18474,1129941300,40860000,40700000,40760000,40840000,41130000,41020000,708376,0,0,0,0,40850000,40840000,0,0,0,0,0,0,0,0,170,43,0,0,0,0
ag,AG.SHF,沪银活跃-ag1612,20170103,90155500,94,5758440,0,707622,0,0,18568,1135699740,40860000,40700000,40760000,40840000,41130000,41020000,708376,0,0,0,0,40840000,40830000,0,0,0,0,0,0,0,0,19,97,0,0,0,0
ag,AG.SHF,沪银活跃-ag1612,20170103,90156000,20,1225050,0,707628,0,0,18588,1136924790,40860000,40700000,40760000,40840000,41130000,41020000,708376,0,0,0,0,40840000,40830000,0,0,0,0,0,0,0,0,23,93,0,0,0,0
ag,AG.SHF,沪银活跃-ag1612,20170103,90156500,506,31001010,0,707912,0,0,19094,1167925800,40860000,40700000,40760000,40850000,41130000,41020000,708376,0,0,0,0,40860000,40850000,0,0,0,0,0,0,0,0,32,167,0,0,0,0
ag,AG.SHF,沪银活跃-ag1612,20170103,90157000,264,16178550,0,708084,0,0,19358,1184104350,40860000,40700000,40760000,40850000,41130000,41020000,708376,0,0,0,0,40870000,40860000,0,0,0,0,0,0,0,0,7,1,0,0,0,0
ag,AG.SHF,沪银活跃-ag1612,20170103,90157500,38,2328780,0,708092,0,0,19396,1186433130,40860000,40700000,40760000,40860000,41130000,41020000,708376,0,0,0,0,40860000,40850000,0,0,0,0,0,0,0,0,22,105,0,0,0,0
ag,AG.SHF,沪银活跃-ag1612,20170103,90158000,90,5515470,0,708140,0,0,19486,1191948600,40870000,40700000,40760000,40870000,41130000,41020000,708376,0,0,0,0,40870000,40860000,0,0,0,0,0,0,0,0,14,1,0,0,0,0
ag,AG.SHF,沪银活跃-ag1612,20170103,90158500,22,1348380,0,708150,0,0,19508,1193296980,40870000,40700000,40760000,40860000,41130000,41020000,708376,0,0,0,0,40860000,40850000,0,0,0,0,0,0,0,0,2,81,0,0,0,0
ag,AG.SHF,沪银活跃-ag1612,20170103,90159000,10,612960,0,708150,0,0,19518,1193909940,40870000,40700000,40760000,40860000,41130000,41020000,708376,0,0,0,0,40870000,40860000,0,0,0,0,0,0,0,0,33,59,0,0,0,0
ag,AG.SHF,沪银活跃-ag1612,20170103,90159500,4,245160,0,708146,0,0,19522,1194155100,40870000,40700000,40760000,40860000,41130000,41020000,708376,0,0,0,0,40870000,40860000,0,0,0,0,0,0,0,0,32,63,0,0,0,0
ag,AG.SHF,沪银活跃-ag1612,20170103,90200000,48,2941980,0,708142,0,0,19570,1197097080,40870000,40700000,40760000,40870000,41130000,41020000,708376,0,0,0,0,40870000,40860000,0,0,0,0,0,0,0,0,31,41,0,0,0,0
ag,AG.SHF,沪银活跃-ag1612,20170103,90200500,22,1348380,0,708140,0,0,19592,1198445460,40870000,40700000,40760000,40860000,41130000,41020000,708376,0,0,0,0,40870000,40860000,0,0,0,0,0,0,0,0,35,20,0,0,0,0
ag,AG.SHF,沪银活跃-ag1612,20170103,90201000,30,1838850,0,708156,0,0,19622,1200284310,40870000,40700000,40760000,40870000,41130000,41020000,708376,0,0,0,0,40870000,40860000,0,0,0,0,0,0,0,0,32,81,0,0,0,0
ag,AG.SHF,沪银活跃-ag1612,20170103,90201500,18,1103340,0,708158,0,0,19640,1201387650,40870000,40700000,40760000,40870000,41130000,41020000,708376,0,0,0,0,40870000,40860000,0,0,0,0,0,0,0,0,31,86,0,0,0,0
ag,AG.SHF,沪银活跃-ag1612,20170103,90202000,32,1961760,0,708158,0,0,19672,1203349410,40870000,40700000,40760000,40870000,41130000,41020000,708376,0,0,0,0,40870000,40860000,0,0,0,0,0,0,0,0,14,86,0,0,0,0
ag,AG.SHF,沪银活跃-ag1612,20170103,90202500,86,5272230,0,708126,0,0,19758,1208621640,40870000,40700000,40760000,40870000,41130000,41020000,708376,0,0,0,0,40880000,40870000,0,0,0,0,0,0,0,0,56,28,0,0,0,0
ag,AG.SHF,沪银活跃-ag1612,20170103,90203000,74,4536570,0,708126,0,0,19832,1213158210,40870000,40700000,40760000,40870000,41130000,41020000,708376,0,0,0,0,40880000,40870000,0,0,0,0,0,0,0,0,56,46,0,0,0,0
ag,AG.SHF,沪银活跃-ag1612,20170103,90203500,60,3678330,0,708174,0,0,19892,1216836540,40880000,40700000,40760000,40870000,41130000,41020000,708376,0,0,0,0,40880000,40870000,0,0,0,0,0,0,0,0,59,21,0,0,0,0
ag,AG.SHF,沪银活跃-ag1612,20170103,90204000,22,1348710,0,708196,0,0,19914,1218185250,40880000,40700000,40760000,40870000,41130000,41020000,708376,0,0,0,0,40880000,40870000,0,0,0,0,0,0,0,0,60,17,0,0,0,0
ag,AG.SHF,沪银活跃-ag1612,20170103,90204500,52,3187890,0,708226,0,0,19966,1221373140,40880000,40700000,40760000,40870000,41130000,41020000,708376,0,0,0,0,40870000,40860000,0,0,0,0,0,0,0,0,1,81,0,0,0,0
ag,AG.SHF,沪银活跃-ag1612,20170103,90205000,26,1593600,0,708226,0,0,19992,1222966740,40880000,40700000,40760000,40870000,41130000,41020000,708376,0,0,0,0,40870000,40860000,0,0,0,0,0,0,0,0,35,72,0,0,0,0
ag,AG.SHF,沪银活跃-ag1612,20170103,90205500,0,0,0,708226,0,0,19992,1222966740,40880000,40700000,40760000,40870000,41130000,41020000,708376,0,0,0,0,40870000,40860000,0,0,0,0,0,0,0,0,52,73,0,0,0,0
ag,AG.SHF,沪银活跃-ag1612,20170103,90206000,28,1716210,0,708230,0,0,20020,1224682950,40880000,40700000,40760000,40870000,41130000,41020000,708376,0,0,0,0,40870000,40860000,0,0,0,0,0,0,0,0,40,62,0,0,0,0
ag,AG.SHF,沪银活跃-ag1612,20170103,90206500,50,3065190,0,708252,0,0,20070,1227748140,40880000,40700000,40760000,40860000,41130000,41020000,708376,0,0,0,0,40870000,40860000,0,0,0,0,0,0,0,0,34,60,0,0,0,0
ag,AG.SHF,沪银活跃-ag1612,20170103,90207000,32,1961340,0,708256,0,0,20102,1229709480,40880000,40700000,40760000,40860000,41130000,41020000,708376,0,0,0,0,40870000,40860000,0,0,0,0,0,0,0,0,35,46,0,0,0,0
ag,AG.SHF,沪银活跃-ag1612,20170103,90207500,20,1226100,0,708274,0,0,20122,1230935580,40880000,40700000,40760000,40870000,41130000,41020000,708376,0,0,0,0,40870000,40860000,0,0,0,0,0,0,0,0,25,47,0,0,0,0
ag,AG.SHF,沪银活跃-ag1612,20170103,90208000,94,5761260,0,708290,0,0,20216,1236696840,40880000,40700000,40760000,40860000,41130000,41020000,708376,0,0,0,0,40860000,40850000,0,0,0,0,0,0,0,0,3,78,0,0,0,0
ag,AG.SHF,沪银活跃-ag1612,20170103,90208500,76,4658400,0,708262,0,0,20292,1241355240,40880000,40700000,40760000,40860000,41130000,41020000,708376,0,0,0,0,40860000,40850000,0,0,0,0,0,0,0,0,25,78,0,0,0,0
ag,AG.SHF,沪银活跃-ag1612,20170103,90209000,54,3309630,0,708250,0,0,20346,1244664870,40880000,40700000,40760000,40860000,41130000,41020000,708376,0,0,0,0,40870000,40850000,0,0,0,0,0,0,0,0,22,77,0,0,0,0
ag,AG.SHF,沪银活跃-ag1612,20170103,90209500,12,735600,0,708246,0,0,20358,1245400470,40880000,40700000,40760000,40870000,41130000,41020000,708376,0,0,0,0,40870000,40850000,0,0,0,0,0,0,0,0,18,77,0,0,0,0
ag,AG.SHF,沪银活跃-ag1612,20170103,90210000,6,367740,0,708244,0,0,20364,1245768210,40880000,40700000,40760000,40860000,41130000,41020000,708376,0,0,0,0,40860000,40850000,0,0,0,0,0,0,0,0,17,77,0,0,0,0
ag,AG.SHF,沪银活跃-ag1612,20170103,90210500,32,1961100,0,708258,0,0,20396,1247729310,40880000,40700000,40760000,40860000,41130000,41020000,708376,0,0,0,0,40860000,40850000,0,0,0,0,0,0,0,0,7,71,0,0,0,0
ag,AG.SHF,沪银活跃-ag1612,20170103,90211000,30,1838940,0,708268,0,0,20426,1249568250,40880000,40700000,40760000,40870000,41130000,41020000,708376,0,0,0,0,40870000,40860000,0,0,0,0,0,0,0,0,110,10,0,0,0,0
ag,AG.SHF,沪银活跃-ag1612,20170103,90211500,6,367770,0,708270,0,0,20432,1249936020,40880000,40700000,40760000,40870000,41130000,41020000,708376,0,0,0,0,40870000,40860000,0,0,0,0,0,0,0,0,140,8,0,0,0,0
ag,AG.SHF,沪银活跃-ag1612,20170103,90212000,16,980760,0,708272,0,0,20448,1250916780,40880000,40700000,40760000,40860000,41130000,41020000,708376,0,0,0,0,40870000,40860000,0,0,0,0,0,0,0,0,143,6,0,0,0,0
ag,AG.SHF,沪银活跃-ag1612,20170103,90212500,68,4167690,0,708264,0,0,20516,1255084470,40880000,40700000,40760000,40860000,41130000,41020000,708376,0,0,0,0,40870000,40860000,0,0,0,0,0,0,0,0,143,17,0,0,0,0
ag,AG.SHF,沪银活跃-ag1612,20170103,90213000,44,2696760,0,708304,0,0,20560,1257781230,40880000,40700000,40760000,40860000,41130000,41020000,708376,0,0,0,0,40860000,40850000,0,0,0,0,0,0,0,0,30,78,0,0,0,0
ag,AG.SHF,沪银活跃-ag1612,20170103,90213500,54,3309150,0,708328,0,0,20614,1261090380,40880000,40700000,40760000,40850000,41130000,41020000,708376,0,0,0,0,40870000,40860000,0,0,0,0,0,0,0,0,146,2,0,0,0,0
ag,AG.SHF,沪银活跃-ag1612,20170103,90214000,6,367740,0,708330,0,0,20620,1261458120,40880000,40700000,40760000,40860000,41130000,41020000,708376,0,0,0,0,40860000,40850000,0,0,0,0,0,0,0,0,9,61,0,0,0,0
ag,AG.SHF,沪银活跃-ag1612,20170103,90214500,18,1103220,0,708314,0,0,20638,1262561340,40880000,40700000,40760000,40860000,41130000,41020000,708376,0,0,0,0,40870000,40860000,0,0,0,0,0,0,0,0,147,5,0,0,0,0
ag,AG.SHF,沪银活跃-ag1612,20170103,90215000,8,490440,0,708314,0,0,20646,1263051780,40880000,40700000,40760000,40870000,41130000,41020000,708376,0,0,0,0,40870000,40860000,0,0,0,0,0,0,0,0,143,10,0,0,0,0
ag,AG.SHF,沪银活跃-ag1612,20170103,90215500,4,245160,0,708318,0,0,20650,1263296940,40880000,40700000,40760000,40860000,41130000,41020000,708376,0,0,0,0,40870000,40860000,0,0,0,0,0,0,0,0,144,21,0,0,0,0
ag,AG.SHF,沪银活跃-ag1612,20170103,90216000,10,613020,0,708316,0,0,20660,1263909960,40880000,40700000,40760000,40860000,41130000,41020000,708376,0,0,0,0,40870000,40860000,0,0,0,0,0,0,0,0,140,25,0,0,0,0
ag,AG.SHF,沪银活跃-ag1612,20170103,90216500,18,1103280,0,708312,0,0,20678,1265013240,40880000,40700000,40760000,40860000,41130000,41020000,708376,0,0,0,0,40870000,40860000,0,0,0,0,0,0,0,0,184,18,0,0,0,0
ag,AG.SHF,沪银活跃-ag1612,20170103,90217000,42,2574180,0,708332,0,0,20720,1267587420,40880000,40700000,40760000,40860000,41130000,41020000,708376,0,0,0,0,40860000,40850000,0,0,0,0,0,0,0,0,7,65,0,0,0,0
ag,AG.SHF,沪银活跃-ag1612,20170103,90217500,8,490290,0,708334,0,0,20728,1268077710,40880000,40700000,40760000,40860000,41130000,41020000,708376,0,0,0,0,40860000,40850000,0,0,0,0,0,0,0,0,33,64,0,0,0,0
ag,AG.SHF,沪银活跃-ag1612,20170103,90218000,28,1716120,0,708308,0,0,20756,1269793830,40880000,40700000,40760000,40860000,41130000,41020000,708376,0,0,0,0,40860000,40850000,0,0,0,0,0,0,0,0,50,64,0,0,0,0
ag,AG.SHF,沪银活跃-ag1612,20170103,90218500,12,735480,0,708304,0,0,20768,1270529310,40880000,40700000,40760000,40860000,41130000,41020000,708376,0,0,0,0,40860000,40850000,0,0,0,0,0,0,0,0,54,64,0,0,0,0
ag,AG.SHF,沪银活跃-ag1612,20170103,90219000,8,490320,0,708296,0,0,20776,1271019630,40880000,40700000,40760000,40860000,41130000,41020000,708376,0,0,0,0,40860000,40850000,0,0,0,0,0,0,0,0,45,65,0,0,0,0
ag,AG.SHF,沪银活跃-ag1612,20170103,90219500,4,245160,0,708292,0,0,20780,1271264790,40880000,40700000,40760000,40860000,41130000,41020000,708376,0,0,0,0,40860000,40850000,0,0,0,0,0,0,0,0,54,75,0,0,0,0
ag,AG.SHF,沪银活跃-ag1612,20170103,90220000,10,612840,0,708290,0,0,20790,1271877630,40880000,40700000,40760000,40850000,41130000,41020000,708376,0,0,0,0,40860000,40850000,0,0,0,0,0,0,0,0,52,73,0,0,0,0
ag,AG.SHF,沪银活跃-ag1612,20170103,90220500,24,1470960,0,708276,0,0,20814,1273348590,40880000,40700000,40760000,40860000,41130000,41020000,708376,0,0,0,0,40860000,40850000,0,0,0,0,0,0,0,0,49,78,0,0,0,0
ag,AG.SHF,沪银活跃-ag1612,20170103,90221000,16,980640,0,708266,0,0,20830,1274329230,40880000,40700000,40760000,40860000,41130000,41020000,708376,0,0,0,0,40860000,40850000,0,0,0,0,0,0,0,0,41,80,0,0,0,0
ag,AG.SHF,沪银活跃-ag1612,20170103,90221500,2,122580,0,708266,0,0,20832,1274451810,40880000,40700000,40760000,40860000,41130000,41020000,708376,0,0,0,0,40860000,40850000,0,0,0,0,0,0,0,0,42,141,0,0,0,0
ag,AG.SHF,沪银活跃-ag1612,20170103,90222000,10,612900,0,708264,0,0,20842,1275064710,40880000,40700000,40760000,40860000,41130000,41020000,708376,0,0,0,0,40860000,40850000,0,0,0,0,0,0,0,0,37,143,0,0,0,0
ag,AG.SHF,沪银活跃-ag1612,20170103,90222500,90,5516310,0,708208,0,0,20932,1280581020,40880000,40700000,40760000,40870000,41130000,41020000,708376,0,0,0,0,40870000,40850000,0,0,0,0,0,0,0,0,181,140,0,0,0,0
ag,AG.SHF,沪银活跃-ag1612,20170103,90223000,4,245100,0,708208,0,0,20936,1280826120,40880000,40700000,40760000,40850000,41130000,41020000,708376,0,0,0,0,40870000,40860000,0,0,0,0,0,0,0,0,181,3,0,0,0,0
ag,AG.SHF,沪银活跃-ag1612,20170103,90223500,4,245100,0,708210,0,0,20940,1281071220,40880000,40700000,40760000,40850000,41130000,41020000,708376,0,0,0,0,40870000,40860000,0,0,0,0,0,0,0,0,182,52,0,0,0,0
ag,AG.SHF,沪银活跃-ag1612,20170103,90224000,24,1471020,0,708190,0,0,20964,1282542240,40880000,40700000,40760000,40860000,41130000,41020000,708376,0,0,0,0,40870000,40860000,0,0,0,0,0,0,0,0,180,60,0,0,0,0
ag,AG.SHF,沪银活跃-ag1612,20170103,90224500,6,367740,0,708190,0,0,20970,1282909980,40880000,40700000,40760000,40860000,41130000,41020000,708376,0,0,0,0,40870000,40860000,0,0,0,0,0,0,0,0,180,68,0,0,0,0
ag,AG.SHF,沪银活跃-ag1612,20170103,90225000,2,122580,0,708188,0,0,20972,1283032560,40880000,40700000,40760000,40860000,41130000,41020000,708376,0,0,0,0,40870000,40860000,0,0,0,0,0,0,0,0,181,67,0,0,0,0
ag,AG.SHF,沪银活跃-ag1612,20170103,90225500,2,122580,0,708186,0,0,20974,1283155140,40880000,40700000,40760000,40860000,41130000,41020000,708376,0,0,0,0,40870000,40860000,0,0,0,0,0,0,0,0,181,67,0,0,0,0
ag,AG.SHF,沪银活跃-ag1612,20170103,90226000,132,8090280,0,708172,0,0,21106,1291245420,40880000,40700000,40760000,40860000,41130000,41020000,708376,0,0,0,0,40870000,40860000,0,0,0,0,0,0,0,0,181,12,0,0,0,0
ag,AG.SHF,沪银活跃-ag1612,20170103,90226500,40,2452200,0,708172,0,0,21146,1293697620,40880000,40700000,40760000,40870000,41130000,41020000,708376,0,0,0,0,40870000,40860000,0,0,0,0,0,0,0,0,161,13,0,0,0,0
ag,AG.SHF,沪银活跃-ag1612,20170103,90227000,2,122610,0,708172,0,0,21148,1293820230,40880000,40700000,40760000,40870000,41130000,41020000,708376,0,0,0,0,40870000,40860000,0,0,0,0,0,0,0,0,160,70,0,0,0,0
ag,AG.SHF,沪银活跃-ag1612,20170103,90227500,40,2452200,0,708172,0,0,21188,1296272430,40880000,40700000,40760000,40870000,41130000,41020000,708376,0,0,0,0,40870000,40860000,0,0,0,0,0,0,0,0,140,76,0,0,0,0
ag,AG.SHF,沪银活跃-ag1612,20170103,90228000,26,1593930,0,708150,0,0,21214,1297866360,40880000,40700000,40760000,40870000,41130000,41020000,708376,0,0,0,0,40870000,40860000,0,0,0,0,0,0,0,0,127,179,0,0,0,0
ag,AG.SHF,沪银活跃-ag1612,20170103,90228500,216,13241610,0,708196,0,0,21430,1311107970,40880000,40700000,40760000,40860000,41130000,41020000,708376,0,0,0,0,40870000,40860000,0,0,0,0,0,0,0,0,53,171,0,0,0,0
ag,AG.SHF,沪银活跃-ag1612,20170103,90229000,122,7479180,0,708200,0,0,21552,1318587150,40880000,40700000,40760000,40870000,41130000,41020000,708376,0,0,0,0,40880000,40870000,0,0,0,0,0,0,0,0,69,30,0,0,0,0
ag,AG.SHF,沪银活跃-ag1612,20170103,90229500,4,245250,0,708198,0,0,21556,1318832400,40880000,40700000,40760000,40880000,41130000,41020000,708376,0,0,0,0,40880000,40870000,0,0,0,0,0,0,0,0,69,50,0,0,0,0
ag,AG.SHF,沪银活跃-ag1612,20170103,90230000,52,3188340,0,708240,0,0,21608,1322020740,40880000,40700000,40760000,40870000,41130000,41020000,708376,0,0,0,0,40880000,40870000,0,0,0,0,0,0,0,0,52,41,0,0,0,0
ag,AG.SHF,沪银活跃-ag1612,20170103,90230500,20,1226160,0,708260,0,0,21628,1323246900,40880000,40700000,40760000,40870000,41130000,41020000,708376,0,0,0,0,40880000,40870000,0,0,0,0,0,0,0,0,50,34,0,0,0,0
ag,AG.SHF,沪银活跃-ag1612,20170103,90231000,40,2452800,0,708278,0,0,21668,1325699700,40880000,40700000,40760000,40880000,41130000,41020000,708376,0,0,0,0,40880000,40870000,0,0,0,0,0,0,0,0,30,38,0,0,0,0
ag,AG.SHF,沪银活跃-ag1612,20170103,90231500,16,981120,0,708282,0,0,21684,1326680820,40880000,40700000,40760000,40880000,41130000,41020000,708376,0,0,0,0,40880000,40870000,0,0,0,0,0,0,0,0,30,44,0,0,0,0
ag,AG.SHF,沪银活跃-ag1612,20170103,90232000,46,2820720,0,708286,0,0,21730,1329501540,40880000,40700000,40760000,40880000,41130000,41020000,708376,0,0,0,0,40880000,40870000,0,0,0,0,0,0,0,0,7,44,0,0,0,0
ag,AG.SHF,沪银活跃-ag1612,20170103,90232500,32,1962120,0,708302,0,0,21762,1331463660,40880000,40700000,40760000,40870000,41130000,41020000,708376,0,0,0,0,40880000,40870000,0,0,0,0,0,0,0,0,1,45,0,0,0,0
ag,AG.SHF,沪银活跃-ag1612,20170103,90233000,46,2820720,0,708332,0,0,21808,1334284380,40880000,40700000,40760000,40880000,41130000,41020000,708376,0,0,0,0,40890000,40880000,0,0,0,0,0,0,0,0,16,18,0,0,0,0
ag,AG.SHF,沪银活跃-ag1612,20170103,90233500,46,2821200,0,708320,0,0,21854,1337105580,40890000,40700000,40760000,40880000,41130000,41020000,708376,0,0,0,0,40900000,40890000,0,0,0,0,0,0,0,0,48,3,0,0,0,0
ag,AG.SHF,沪银活跃-ag1612,20170103,90234000,34,2085810,0,708296,0,0,21888,1339191390,40900000,40700000,40760000,40900000,41130000,41020000,708376,0,0,0,0,40900000,40890000,0,0,0,0,0,0,0,0,39,8,0,0,0,0
ag,AG.SHF,沪银活跃-ag1612,20170103,90234500,14,858810,0,708290,0,0,21902,1340050200,40900000,40700000,40760000,40890000,41130000,41020000,708376,0,0,0,0,40900000,40890000,0,0,0,0,0,0,0,0,35,6,0,0,0,0
ag,AG.SHF,沪银活跃-ag1612,20170103,90235000,2,122700,0,708288,0,0,21904,1340172900,40900000,40700000,40760000,40900000,41130000,41020000,708376,0,0,0,0,40900000,40890000,0,0,0,0,0,0,0,0,34,13,0,0,0,0
ag,AG.SHF,沪银活跃-ag1612,20170103,90235500,2,122700,0,708286,0,0,21906,1340295600,40900000,40700000,40760000,40900000,41130000,41020000,708376,0,0,0,0,40900000,40890000,0,0,0,0,0,0,0,0,32,15,0,0,0,0
ag,AG.SHF,沪银活跃-ag1612,20170103,90236000,0,0,0,708286,0,0,21906,1340295600,40900000,40700000,40760000,40900000,41130000,41020000,708376,0,0,0,0,40900000,40890000,0,0,0,0,0,0,0,0,30,20,0,0,0,0
ag,AG.SHF,沪银活跃-ag1612,20170103,90236500,18,1104270,0,708274,0,0,21924,1341399870,40900000,40700000,40760000,40890000,41130000,41020000,708376,0,0,0,0,40900000,40890000,0,0,0,0,0,0,0,0,18,19,0,0,0,0
ag,AG.SHF,沪银活跃-ag1612,20170103,90237000,38,2331300,0,708240,0,0,21962,1343731170,40900000,40700000,40760000,40900000,41130000,41020000,708376,0,0,0,0,40910000,40900000,0,0,0,0,0,0,0,0,54,1,0,0,0,0
ag,AG.SHF,沪银活跃-ag1612,20170103,90237500,38,2331390,0,708240,0,0,22000,1346062560,40910000,40700000,40760000,40900000,41130000,41020000,708376,0,0,0,0,40900000,40890000,0,0,0,0,0,0,0,0,5,21,0,0,0,0
ag,AG.SHF,沪银活跃-ag1612,20170103,90238000,10,613500,0,708240,0,0,22010,1346676060,40910000,40700000,40760000,40900000,41130000,41020000,708376,0,0,0,0,40910000,40900000,0,0,0,0,0,0,0,0,56,18,0,0,0,0
ag,AG.SHF,沪银活跃-ag1612,20170103,90238500,102,6257160,0,708246,0,0,22112,1352933220,40910000,40700000,40760000,40900000,41130000,41020000,708376,0,0,0,0,40910000,40900000,0,0,0,0,0,0,0,0,66,1,0,0,0,0
ag,AG.SHF,沪银活跃-ag1612,20170103,90239000,32,1963350,0,708236,0,0,22144,1354896570,40910000,40700000,40760000,40900000,41130000,41020000,708376,0,0,0,0,40910000,40900000,0,0,0,0,0,0,0,0,47,2,0,0,0,0
ag,AG.SHF,沪银活跃-ag1612,20170103,90239500,16,981660,0,708234,0,0,22160,1355878230,40910000,40700000,40760000,40910000,41130000,41020000,708376,0,0,0,0,40910000,40900000,0,0,0,0,0,0,0,0,47,5,0,0,0,0
ag,AG.SHF,沪银活跃-ag1612,20170103,90240000,28,1718190,0,708230,0,0,22188,1357596420,40910000,40700000,40760000,40910000,41130000,41020000,708376,0,0,0,0,40910000,40900000,0,0,0,0,0,0,0,0,34,4,0,0,0,0
ag,AG.SHF,沪银活跃-ag1612,20170103,90240500,10,613590,0,708226,0,0,22198,1358210010,40910000,40700000,40760000,40900000,41130000,41020000,708376,0,0,0,0,40910000,40900000,0,0,0,0,0,0,0,0,41,3,0,0,0,0
ag,AG.SHF,沪银活跃-ag1612,20170103,90241000,32,1963560,0,708200,0,0,22230,1360173570,40910000,40700000,40760000,40910000,41130000,41020000,708376,0,0,0,0,40910000,40900000,0,0,0,0,0,0,0,0,29,25,0,0,0,0
ag,AG.SHF,沪银活跃-ag1612,20170103,90241500,12,736350,0,708190,0,0,22242,1360909920,40910000,40700000,40760000,40900000,41130000,41020000,708376,0,0,0,0,40910000,40900000,0,0,0,0,0,0,0,0,11,28,0,0,0,0
ag,AG.SHF,沪银活跃-ag1612,20170103,90242000,40,2454750,0,708178,0,0,22282,1363364670,40920000,40700000,40760000,40920000,41130000,41020000,708376,0,0,0,0,40920000,40910000,0,0,0,0,0,0,0,0,63,5,0,0,0,0
ag,AG.SHF,沪银活跃-ag1612,20170103,90242500,54,3314400,0,708168,0,0,22336,1366679070,40920000,40700000,40760000,40910000,41130000,41020000,708376,0,0,0,0,40920000,40910000,0,0,0,0,0,0,0,0,44,36,0,0,0,0
ag,AG.SHF,沪银活跃-ag1612,20170103,90243000,26,1595790,0,708150,0,0,22362,1368274860,40920000,40700000,40760000,40910000,41130000,41020000,708376,0,0,0,0,40920000,40910000,0,0,0,0,0,0,0,0,30,47,0,0,0,0
ag,AG.SHF,沪银活跃-ag1612,20170103,90243500,36,2209530,0,708114,0,0,22398,1370484390,40920000,40700000,40760000,40920000,41130000,41020000,708376,0,0,0,0,40920000,40910000,0,0,0,0,0,0,0,0,17,44,0,0,0,0
ag,AG.SHF,沪银活跃-ag1612,20170103,90244000,18,1104810,0,708096,0,0,22416,1371589200,40920000,40700000,40760000,40920000,41130000,41020000,708376,0,0,0,0,40920000,40910000,0,0,0,0,0,0,0,0,7,43,0,0,0,0
ag,AG.SHF,沪银活跃-ag1612,20170103,90244500,28,1718640,0,708102,0,0,22444,1373307840,40920000,40700000,40760000,40920000,41130000,41020000,708376,0,0,0,0,40930000,40920000,0,0,0,0,0,0,0,0,137,41,0,0,0,0
ag,AG.SHF,沪银活跃-ag1612,20170103,90245000,10,613950,0,708102,0,0,22454,1373921790,40930000,40700000,40760000,40930000,41130000,41020000,708376,0,0,0,0,40930000,40920000,0,0,0,0,0,0,0,0,136,42,0,0,0,0
ag,AG.SHF,沪银活跃-ag1612,20170103,90245500,102,6260760,0,708086,0,0,22556,1380182550,40930000,40700000,40760000,40920000,41130000,41020000,708376,0,0,0,0,40920000,40910000,0,0,0,0,0,0,0,0,1,46,0,0,0,0
ag,AG.SHF,沪银活跃-ag1612,20170103,90246000,22,1350360,0,708102,0,0,22578,1381532910,40930000,40700000,40760000,40920000,41130000,41020000,708376,0,0,0,0,40930000,40920000,0,0,0,0,0,0,0,0,138,6,0,0,0,0
ag,AG.SHF,沪银活跃-ag1612,20170103,90246500,6,368370,0,708096,0,0,22584,1381901280,40930000,40700000,40760000,40930000,41130000,41020000,708376,0,0,0,0,40930000,40920000,0,0,0,0,0,0,0,0,149,11,0,0,0,0
ag,AG.SHF,沪银活跃-ag1612,20170103,90247000,8,491130,0,708092,0,0,22592,1382392410,40930000,40700000,40760000,40930000,41130000,41020000,708376,0,0,0,0,40930000,40920000,0,0,0,0,0,0,0,0,147,13,0,0,0,0
ag,AG.SHF,沪银活跃-ag1612,20170103,90247500,50,3069330,0,708096,0,0,22642,1385461740,40930000,40700000,40760000,40930000,41130000,41020000,708376,0,0,0,0,40930000,40920000,0,0,0,0,0,0,0,0,142,7,0,0,0,0
ag,AG.SHF,沪银活跃-ag1612,20170103,90248000,52,3192390,0,708096,0,0,22694,1388654130,40930000,40700000,40760000,40930000,41130000,41020000,708376,0,0,0,0,40930000,40920000,0,0,0,0,0,0,0,0,121,8,0,0,0,0
ag,AG.SHF,沪银活跃-ag1612,20170103,90248500,14,859470,0,708098,0,0,22708,1389513600,40930000,40700000,40760000,40920000,41130000,41020000,708376,0,0,0,0,40930000,40920000,0,0,0,0,0,0,0,0,128,15,0,0,0,0
ag,AG.SHF,沪银活跃-ag1612,20170103,90249000,50,3069690,0,708088,0,0,22758,1392583290,40930000,40700000,40760000,40920000,41130000,41020000,708376,0,0,0,0,40930000,40920000,0,0,0,0,0,0,0,0,105,19,0,0,0,0
ag,AG.SHF,沪银活跃-ag1612,20170103,90249500,20,1227720,0,708090,0,0,22778,1393811010,40930000,40700000,40760000,40920000,41130000,41020000,708376,0,0,0,0,40930000,40920000,0,0,0,0,0,0,0,0,119,24,0,0,0,0
ag,AG.SHF,沪银活跃-ag1612,20170103,90250000,10,613860,0,708082,0,0,22788,1394424870,40930000,40700000,40760000,40930000,41130000,41020000,708376,0,0,0,0,40930000,40920000,0,0,0,0,0,0,0,0,118,21,0,0,0,0
ag,AG.SHF,沪银活跃-ag1612,20170103,90250500,14,859500,0,708080,0,0,22802,1395284370,40930000,40700000,40760000,40930000,41130000,41020000,708376,0,0,0,0,40930000,40920000,0,0,0,0,0,0,0,0,104,20,0,0,0,0
ag,AG.SHF,沪银活跃-ag1612,20170103,90251000,20,1227600,0,708094,0,0,22822,1396511970,40930000,40700000,40760000,40920000,41130000,41020000,708376,0,0,0,0,40930000,40920000,0,0,0,0,0,0,0,0,104,16,0,0,0,0
ag,AG.SHF,沪银活跃-ag1612,20170103,90251500,16,982290,0,708094,0,0,22838,1397494260,40930000,40700000,40760000,40920000,41130000,41020000,708376,0,0,0,0,40930000,40920000,0,0,0,0,0,0,0,0,99,22,0,0,0,0
ag,AG.SHF,沪银活跃-ag1612,20170103,90252000,28,1718700,0,708088,0,0,22866,1399212960,40930000,40700000,40760000,40920000,41130000,41020000,708376,0,0,0,0,40930000,40920000,0,0,0,0,0,0,0,0,97,10,0,0,0,0
ag,AG.SHF,沪银活跃-ag1612,20170103,90252500,18,1105110,0,708088,0,0,22884,1400318070,40930000,40700000,40760000,40930000,41130000,41020000,708376,0,0,0,0,40930000,40920000,0,0,0,0,0,0,0,0,89,12,0,0,0,0
ag,AG.SHF,沪银活跃-ag1612,20170103,90253000,22,1350420,0,708106,0,0,22906,1401668490,40930000,40700000,40760000,40920000,41130000,41020000,708376,0,0,0,0,40930000,40920000,0,0,0,0,0,0,0,0,109,3,0,0,0,0
ag,AG.SHF,沪银活跃-ag1612,20170103,90253500,230,14120850,0,708188,0,0,23136,1415789340,40930000,40700000,40760000,40930000,41130000,41020000,708376,0,0,0,0,40940000,40930000,0,0,0,0,0,0,0,0,13,25,0,0,0,0
ag,AG.SHF,沪银活跃-ag1612,20170103,90254000,102,6263550,0,708232,0,0,23238,1422052890,40940000,40700000,40760000,40940000,41130000,41020000,708376,0,0,0,0,40940000,40930000,0,0,0,0,0,0,0,0,5,122,0,0,0,0
ag,AG.SHF,沪银活跃-ag1612,20170103,90254500,42,2578710,0,708246,0,0,23280,1424631600,40940000,40700000,40760000,40930000,41130000,41020000,708376,0,0,0,0,40940000,40930000,0,0,0,0,0,0,0,0,32,137,0,0,0,0
ag,AG.SHF,沪银活跃-ag1612,20170103,90255000,6,368430,0,708248,0,0,23286,1425000030,40940000,40700000,40760000,40930000,41130000,41020000,708376,0,0,0,0,40940000,40930000,0,0,0,0,0,0,0,0,30,137,0,0,0,0
ag,AG.SHF,沪银活跃-ag1612,20170103,90255500,14,859560,0,708242,0,0,23300,1425859590,40940000,40700000,40760000,40930000,41130000,41020000,708376,0,0,0,0,40940000,40930000,0,0,0,0,0,0,0,0,30,134,0,0,0,0
ag,AG.SHF,沪银活跃-ag1612,20170103,90256000,0,0,0,708242,0,0,23300,1425859590,40940000,40700000,40760000,40930000,41130000,41020000,708376,0,0,0,0,40940000,40930000,0,0,0,0,0,0,0,0,41,170,0,0,0,0
ag,AG.SHF,沪银活跃-ag1612,20170103,90256500,10,614070,0,708238,0,0,23310,1426473660,40940000,40700000,40760000,40930000,41130000,41020000,708376,0,0,0,0,40940000,40930000,0,0,0,0,0,0,0,0,40,169,0,0,0,0
ag,AG.SHF,沪银活跃-ag1612,20170103,90257000,0,0,0,708238,0,0,23310,1426473660,40940000,40700000,40760000,40930000,41130000,41020000,708376,0,0,0,0,40940000,40930000,0,0,0,0,0,0,0,0,41,171,0,0,0,0
ag,AG.SHF,沪银活跃-ag1612,20170103,90257500,2,122790,0,708236,0,0,23312,1426596450,40940000,40700000,40760000,40930000,41130000,41020000,708376,0,0,0,0,40940000,40930000,0,0,0,0,0,0,0,0,41,172,0,0,0,0
ag,AG.SHF,沪银活跃-ag1612,20170103,90258000,24,1473840,0,708220,0,0,23336,1428070290,40940000,40700000,40760000,40940000,41130000,41020000,708376,0,0,0,0,40940000,40930000,0,0,0,0,0,0,0,0,31,172,0,0,0,0
ag,AG.SHF,沪银活跃-ag1612,20170103,90258500,16,982530,0,708218,0,0,23352,1429052820,40940000,40700000,40760000,40940000,41130000,41020000,708376,0,0,0,0,40940000,40930000,0,0,0,0,0,0,0,0,33,172,0,0,0,0
ag,AG.SHF,沪银活跃-ag1612,20170103,90259000,6,368460,0,708216,0,0,23358,1429421280,40940000,40700000,40760000,40940000,41130000,41020000,708376,0,0,0,0,40940000,40930000,0,0,0,0,0,0,0,0,32,172,0,0,0,0
ag,AG.SHF,沪银活跃-ag1612,20170103,90259500,8,491280,0,708216,0,0,23366,1429912560,40940000,40700000,40760000,40940000,41130000,41020000,708376,0,0,0,0,40940000,40930000,0,0,0,0,0,0,0,0,20,172,0,0,0,0
ag,AG.SHF,沪银活跃-ag1612,20170103,90300000,30,1842090,0,708232,0,0,23396,1431754650,40940000,40700000,40760000,40940000,41130000,41020000,708376,0,0,0,0,40940000,40930000,0,0,0,0,0,0,0,0,18,165,0,0,0,0
ag,AG.SHF,沪银活跃-ag1612,20170103,90300500,16,982560,0,708248,0,0,23412,1432737210,40940000,40700000,40760000,40940000,41130000,41020000,708376,0,0,0,0,40940000,40930000,0,0,0,0,0,0,0,0,15,165,0,0,0,0
ag,AG.SHF,沪银活跃-ag1612,20170103,90301000,2,122820,0,708250,0,0,23414,1432860030,40940000,40700000,40760000,40940000,41130000,41020000,708376,0,0,0,0,40940000,40930000,0,0,0,0,0,0,0,0,21,166,0,0,0,0
ag,AG.SHF,沪银活跃-ag1612,20170103,90301500,42,2579220,0,708258,0,0,23456,1435439250,40940000,40700000,40760000,40940000,41130000,41020000,708376,0,0,0,0,40950000,40940000,0,0,0,0,0,0,0,0,99,10,0,0,0,0
ag,AG.SHF,沪银活跃-ag1612,20170103,90302000,12,737010,0,708260,0,0,23468,1436176260,40950000,40700000,40760000,40950000,41130000,41020000,708376,0,0,0,0,40950000,40940000,0,0,0,0,0,0,0,0,110,8,0,0,0,0
ag,AG.SHF,沪银活跃-ag1612,20170103,90302500,36,2210580,0,708242,0,0,23504,1438386840,40950000,40700000,40760000,40930000,41130000,41020000,708376,0,0,0,0,40950000,40930000,0,0,0,0,0,0,0,0,109,158,0,0,0,0
ag,AG.SHF,沪银活跃-ag1612,20170103,90303000,10,614130,0,708246,0,0,23514,1439000970,40950000,40700000,40760000,40940000,41130000,41020000,708376,0,0,0,0,40950000,40940000,0,0,0,0,0,0,0,0,108,7,0,0,0,0
ag,AG.SHF,沪银活跃-ag1612,20170103,90303500,46,2825280,0,708264,0,0,23560,1441826250,40950000,40700000,40760000,40940000,41130000,41020000,708376,0,0,0,0,40940000,40930000,0,0,0,0,0,0,0,0,34,160,0,0,0,0
ag,AG.SHF,沪银活跃-ag1612,20170103,90304000,58,3561090,0,708272,0,0,23618,1445387340,40950000,40700000,40760000,40940000,41130000,41020000,708376,0,0,0,0,40940000,40930000,0,0,0,0,0,0,0,0,110,138,0,0,0,0
ag,AG.SHF,沪银活跃-ag1612,20170103,90304500,100,6139500,0,708188,0,0,23718,1451526840,40950000,40700000,40760000,40930000,41130000,41020000,708376,0,0,0,0,40940000,40930000,0,0,0,0,0,0,0,0,121,88,0,0,0,0
ag,AG.SHF,沪银活跃-ag1612,20170103,90305000,186,11419500,0,708236,0,0,23904,1462946340,40950000,40700000,40760000,40930000,41130000,41020000,708376,0,0,0,0,40930000,40920000,0,0,0,0,0,0,0,0,82,25,0,0,0,0
ag,AG.SHF,沪银活跃-ag1612,20170103,90305500,54,3314520,0,708210,0,0,23958,1466260860,40950000,40700000,40760000,40920000,41130000,41020000,708376,0,0,0,0,40920000,40910000,0,0,0,0,0,0,0,0,23,76,0,0,0,0
ag,AG.SHF,沪银活跃-ag1612,20170103,90306000,198,12153390,0,708320,0,0,24156,1478414250,40950000,40700000,40760000,40930000,41130000,41020000,708376,0,0,0,0,40930000,40920000,0,0,0,0,0,0,0,0,95,13,0,0,0,0
ag,AG.SHF,沪银活跃-ag1612,20170103,90306500,46,2824110,0,708298,0,0,24202,1481238360,40950000,40700000,40760000,40930000,41130000,41020000,708376,0,0,0,0,40930000,40920000,0,0,0,0,0,0,0,0,83,10,0,0,0,0
ag,AG.SHF,沪银活跃-ag1612,20170103,90307000,10,613920,0,708298,0,0,24212,1481852280,40950000,40700000,40760000,40930000,41130000,41020000,708376,0,0,0,0,40930000,40920000,0,0,0,0,0,0,0,0,79,22,0,0,0,0
ag,AG.SHF,沪银活跃-ag1612,20170103,90307500,6,368280,0,708304,0,0,24218,1482220560,40950000,40700000,40760000,40920000,41130000,41020000,708376,0,0,0,0,40930000,40920000,0,0,0,0,0,0,0,0,117,19,0,0,0,0
ag,AG.SHF,沪银活跃-ag1612,20170103,90308000,22,1350420,0,708308,0,0,24240,1483570980,40950000,40700000,40760000,40930000,41130000,41020000,708376,0,0,0,0,40930000,40920000,0,0,0,0,0,0,0,0,113,100,0,0,0,0
ag,AG.SHF,沪银活跃-ag1612,20170103,90308500,0,0,0,708308,0,0,24240,1483570980,40950000,40700000,40760000,40930000,41130000,41020000,708376,0,0,0,0,40930000,40920000,0,0,0,0,0,0,0,0,106,101,0,0,0,0
ag,AG.SHF,沪银活跃-ag1612,20170103,90309000,28,1718670,0,708332,0,0,24268,1485289650,40950000,40700000,40760000,40930000,41130000,41020000,708376,0,0,0,0,40930000,40920000,0,0,0,0,0,0,0,0,101,88,0,0,0,0
ag,AG.SHF,沪银活跃-ag1612,20170103,90309500,104,6385020,0,708236,0,0,24372,1491674670,40950000,40700000,40760000,40930000,41130000,41020000,708376,0,0,0,0,40930000,40920000,0,0,0,0,0,0,0,0,44,88,0,0,0,0
ag,AG.SHF,沪银活跃-ag1612,20170103,90310000,16,982200,0,708244,0,0,24388,1492656870,40950000,40700000,40760000,40920000,41130000,41020000,708376,0,0,0,0,40930000,40920000,0,0,0,0,0,0,0,0,41,89,0,0,0,0
ag,AG.SHF,沪银活跃-ag1612,20170103,90310500,6,368370,0,708250,0,0,24394,1493025240,40950000,40700000,40760000,40930000,41130000,41020000,708376,0,0,0,0,40930000,40920000,0,0,0,0,0,0,0,0,39,89,0,0,0,0
ag,AG.SHF,沪银活跃-ag1612,20170103,90311000,6,368310,0,708250,0,0,24400,1493393550,40950000,40700000,40760000,40930000,41130000,41020000,708376,0,0,0,0,40930000,40920000,0,0,0,0,0,0,0,0,40,87,0,0,0,0
ag,AG.SHF,沪银活跃-ag1612,20170103,90311500,46,2824050,0,708252,0,0,24446,1496217600,40950000,40700000,40760000,40930000,41130000,41020000,708376,0,0,0,0,40930000,40920000,0,0,0,0,0,0,0,0,27,89,0,0,0,0
ag,AG.SHF,沪银活跃-ag1612,20170103,90312000,30,1841820,0,708252,0,0,24476,1498059420,40950000,40700000,40760000,40920000,41130000,41020000,708376,0,0,0,0,40930000,40920000,0,0,0,0,0,0,0,0,13,148,0,0,0,0
ag,AG.SHF,沪银活跃-ag1612,20170103,90312500,28,1719060,0,708270,0,0,24504,1499778480,40950000,40700000,40760000,40930000,41130000,41020000,708376,0,0,0,0,40940000,40930000,0,0,0,0,0,0,0,0,22,16,0,0,0,0
ag,AG.SHF,沪银活跃-ag1612,20170103,90313000,50,3069600,0,708310,0,0,24554,1502848080,40950000,40700000,40760000,40920000,41130000,41020000,708376,0,0,0,0,40930000,40920000,0,0,0,0,0,0,0,0,15,147,0,0,0,0
ag,AG.SHF,沪银活跃-ag1612,20170103,90313500,32,1964640,0,708308,0,0,24586,1504812720,40950000,40700000,40760000,40930000,41130000,41020000,708376,0,0,0,0,40940000,40930000,0,0,0,0,0,0,0,0,29,13,0,0,0,0
ag,AG.SHF,沪银活跃-ag1612,20170103,90314000,4,245580,0,708306,0,0,24590,1505058300,40950000,40700000,40760000,40930000,41130000,41020000,708376,0,0,0,0,40940000,40930000,0,0,0,0,0,0,0,0,35,65,0,0,0,0
ag,AG.SHF,沪银活跃-ag1612,20170103,90314500,6,368400,0,708302,0,0,24596,1505426700,40950000,40700000,40760000,40930000,41130000,41020000,708376,0,0,0,0,40940000,40930000,0,0,0,0,0,0,0,0,29,74,0,0,0,0
ag,AG.SHF,沪银活跃-ag1612,20170103,90315000,6,368370,0,708298,0,0,24602,1505795070,40950000,40700000,40760000,40930000,41130000,41020000,708376,0,0,0,0,40940000,40930000,0,0,0,0,0,0,0,0,39,80,0,0,0,0
ag,AG.SHF,沪银活跃-ag1612,20170103,90315500,8,491190,0,708296,0,0,24610,1506286260,40950000,40700000,40760000,40930000,41130000,41020000,708376,0,0,0,0,40940000,40930000,0,0,0,0,0,0,0,0,38,78,0,0,0,0
ag,AG.SHF,沪银活跃-ag1612,20170103,90316000,32,1964640,0,708294,0,0,24642,1508250900,40950000,40700000,40760000,40930000,41130000,41020000,708376,0,0,0,0,40940000,40930000,0,0,0,0,0,0,0,0,39,76,0,0,0,0
ag,AG.SHF,沪银活跃-ag1612,20170103,90316500,50,3070410,0,708300,0,0,24692,1511321310,40950000,40700000,40760000,40930000,41130000,41020000,708376,0,0,0,0,40940000,40930000,0,0,0,0,0,0,0,0,28,66,0,0,0,0
ag,AG.SHF,沪银活跃-ag1612,20170103,90317000,26,1596630,0,708314,0,0,24718,1512917940,40950000,40700000,40760000,40940000,41130000,41020000,708376,0,0,0,0,40940000,40930000,0,0,0,0,0,0,0,0,24,65,0,0,0,0
ag,AG.SHF,沪银活跃-ag1612,20170103,90317500,4,245580,0,708316,0,0,24722,1513163520,40950000,40700000,40760000,40930000,41130000,41020000,708376,0,0,0,0,40940000,40930000,0,0,0,0,0,0,0,0,24,68,0,0,0,0
ag,AG.SHF,沪银活跃-ag1612,20170103,90318000,6,368400,0,708322,0,0,24728,1513531920,40950000,40700000,40760000,40940000,41130000,41020000,708376,0,0,0,0,40940000,40930000,0,0,0,0,0,0,0,0,23,67,0,0,0,0
ag,AG.SHF,沪银活跃-ag1612,20170103,90318500,4,245580,0,708326,0,0,24732,1513777500,40950000,40700000,40760000,40930000,41130000,41020000,708376,0,0,0,0,40940000,40930000,0,0,0,0,0,0,0,0,23,65,0,0,0,0
ag,AG.SHF,沪银活跃-ag1612,20170103,90319000,42,2579190,0,708360,0,0,24774,1516356690,40950000,40700000,40760000,40930000,41130000,41020000,708376,0,0,0,0,40940000,40930000,0,0,0,0,0,0,0,0,9,64,0,0,0,0
ag,AG.SHF,沪银活跃-ag1612,20170103,90319500,74,4543410,0,708416,0,0,24848,1520900100,40950000,40700000,40760000,40940000,41130000,41020000,708376,0,0,0,0,40940000,40930000,0,0,0,0,0,0,0,0,34,43,0,0,0,0
ag,AG.SHF,沪银活跃-ag1612,20170103,90320000,4,245610,0,708416,0,0,24852,1521145710,40950000,40700000,40760000,40930000,41130000,41020000,708376,0,0,0,0,40940000,40930000,0,0,0,0,0,0,0,0,38,42,0,0,0,0
ag,AG.SHF,沪银活跃-ag1612,20170103,90320500,30,1842090,0,708424,0,0,24882,1522987800,40950000,40700000,40760000,40940000,41130000,41020000,708376,0,0,0,0,40940000,40930000,0,0,0,0,0,0,0,0,41,35,0,0,0,0
ag,AG.SHF,沪银活跃-ag1612,20170103,90321000,62,3807120,0,708434,0,0,24944,1526794920,40950000,40700000,40760000,40930000,41130000,41020000,708376,0,0,0,0,40940000,40930000,0,0,0,0,0,0,0,0,21,26,0,0,0,0
ag,AG.SHF,沪银活跃-ag1612,20170103,90321500,6,368430,0,708438,0,0,24950,1527163350,40950000,40700000,40760000,40930000,41130000,41020000,708376,0,0,0,0,40940000,40930000,0,0,0,0,0,0,0,0,33,23,0,0,0,0
ag,AG.SHF,沪银活跃-ag1612,20170103,90322000,26,1596360,0,708464,0,0,24976,1528759710,40950000,40700000,40760000,40930000,41130000,41020000,708376,0,0,0,0,40940000,40930000,0,0,0,0,0,0,0,0,31,24,0,0,0,0
ag,AG.SHF,沪银活跃-ag1612,20170103,90322500,92,5647680,0,708554,0,0,25068,1534407390,40950000,40700000,40760000,40920000,41130000,41020000,708376,0,0,0,0,40930000,40920000,0,0,0,0,0,0,0,0,20,154,0,0,0,0
ag,AG.SHF,沪银活跃-ag1612,20170103,90323000,0,0,0,708554,0,0,25068,1534407390,40950000,40700000,40760000,40920000,41130000,41020000,708376,0,0,0,0,40930000,40920000,0,0,0,0,0,0,0,0,53,154,0,0,0,0
ag,AG.SHF,沪银活跃-ag1612,20170103,90323500,48,2946270,0,708596,0,0,25116,1537353660,40950000,40700000,40760000,40930000,41130000,41020000,708376,0,0,0,0,40930000,40920000,0,0,0,0,0,0,0,0,49,131,0,0,0,0
ag,AG.SHF,沪银活跃-ag1612,20170103,90324000,10,613830,0,708600,0,0,25126,1537967490,40950000,40700000,40760000,40930000,41130000,41020000,708376,0,0,0,0,40930000,40920000,0,0,0,0,0,0,0,0,48,127,0,0,0,0
ag,AG.SHF,沪银活跃-ag1612,20170103,90324500,2,122760,0,708602,0,0,25128,1538090250,40950000,40700000,40760000,40920000,41130000,41020000,708376,0,0,0,0,40930000,40920000,0,0,0,0,0,0,0,0,48,126,0,0,0,0
ag,AG.SHF,沪银活跃-ag1612,20170103,90325000,8,491160,0,708610,0,0,25136,1538581410,40950000,40700000,40760000,40930000,41130000,41020000,708376,0,0,0,0,40930000,40920000,0,0,0,0,0,0,0,0,72,126,0,0,0,0
ag,AG.SHF,沪银活跃-ag1612,20170103,90325500,12,736620,0,708614,0,0,25148,1539318030,40950000,40700000,40760000,40930000,41130000,41020000,708376,0,0,0,0,40930000,40920000,0,0,0,0,0,0,0,0,79,122,0,0,0,0
ag,AG.SHF,沪银活跃-ag1612,20170103,90326000,20,1227600,0,708614,0,0,25168,1540545630,40950000,40700000,40760000,40920000,41130000,41020000,708376,0,0,0,0,40930000,40920000,0,0,0,0,0,0,0,0,82,112,0,0,0,0
ag,AG.SHF,沪银活跃-ag1612,20170103,90326500,66,4051080,0,708610,0,0,25234,1544596710,40950000,40700000,40760000,40920000,41130000,41020000,708376,0,0,0,0,40930000,40920000,0,0,0,0,0,0,0,0,75,79,0,0,0,0
ag,AG.SHF,沪银活跃-ag1612,20170103,90327000,160,9820800,0,708592,0,0,25394,1554417510,40950000,40700000,40760000,40920000,41130000,41020000,708376,0,0,0,0,40920000,40910000,0,0,0,0,0,0,0,0,11,27,0,0,0,0
ag,AG.SHF,沪银活跃-ag1612,20170103,90327500,2,122760,0,708592,0,0,25396,1554540270,40950000,40700000,40760000,40920000,41130000,41020000,708376,0,0,0,0,40920000,40910000,0,0,0,0,0,0,0,0,151,26,0,0,0,0
ag,AG.SHF,沪银活跃-ag1612,20170103,90328000,56,3436410,0,708638,0,0,25452,1557976680,40950000,40700000,40760000,40910000,41130000,41020000,708376,0,0,0,0,40910000,40900000,0,0,0,0,0,0,0,0,65,30,0,0,0,0
ag,AG.SHF,沪银活跃-ag1612,20170103,90328500,58,3558300,0,708662,0,0,25510,1561534980,40950000,40700000,40760000,40890000,41130000,41020000,708376,0,0,0,0,40910000,40890000,0,0,0,0,0,0,0,0,61,3,0,0,0,0
ag,AG.SHF,沪银活跃-ag1612,20170103,90329000,6,368100,0,708660,0,0,25516,1561903080,40950000,40700000,40760000,40900000,41130000,41020000,708376,0,0,0,0,40900000,40890000,0,0,0,0,0,0,0,0,5,16,0,0,0,0
ag,AG.SHF,沪银活跃-ag1612,20170103,90329500,96,5889690,0,708638,0,0,25612,1567792770,40950000,40700000,40760000,40900000,41130000,41020000,708376,0,0,0,0,40910000,40900000,0,0,0,0,0,0,0,0,45,2,0,0,0,0
ag,AG.SHF,沪银活跃-ag1612,20170103,90330000,6,368130,0,708632,0,0,25618,1568160900,40950000,40700000,40760000,40910000,41130000,41020000,708376,0,0,0,0,40900000,40890000,0,0,0,0,0,0,0,0,1,16,0,0,0,0
ag,AG.SHF,沪银活跃-ag1612,20170103,90330500,12,736230,0,708624,0,0,25630,1568897130,40950000,40700000,40760000,40900000,41130000,41020000,708376,0,0,0,0,40900000,40890000,0,0,0,0,0,0,0,0,8,26,0,0,0,0
ag,AG.SHF,沪银活跃-ag1612,20170103,90331000,6,368100,0,708626,0,0,25636,1569265230,40950000,40700000,40760000,40900000,41130000,41020000,708376,0,0,0,0,40900000,40890000,0,0,0,0,0,0,0,0,5,26,0,0,0,0
ag,AG.SHF,沪银活跃-ag1612,20170103,90331500,12,736200,0,708630,0,0,25648,1570001430,40950000,40700000,40760000,40900000,41130000,41020000,708376,0,0,0,0,40910000,40900000,0,0,0,0,0,0,0,0,44,20,0,0,0,0
ag,AG.SHF,沪银活跃-ag1612,20170103,90332000,108,6626520,0,708722,0,0,25756,1576627950,40950000,40700000,40760000,40910000,41130000,41020000,708376,0,0,0,0,40910000,40890000,0,0,0,0,0,0,0,0,20,34,0,0,0,0
ag,AG.SHF,沪银活跃-ag1612,20170103,90332500,6,368160,0,708724,0,0,25762,1576996110,40950000,40700000,40760000,40900000,41130000,41020000,708376,0,0,0,0,40910000,40900000,0,0,0,0,0,0,0,0,23,27,0,0,0,0
ag,AG.SHF,沪银活跃-ag1612,20170103,90333000,8,490920,0,708726,0,0,25770,1577487030,40950000,40700000,40760000,40910000,41130000,41020000,708376,0,0,0,0,40910000,40900000,0,0,0,0,0,0,0,0,20,30,0,0,0,0
ag,AG.SHF,沪银活跃-ag1612,20170103,90333500,4,245400,0,708726,0,0,25774,1577732430,40950000,40700000,40760000,40900000,41130000,41020000,708376,0,0,0,0,40910000,40900000,0,0,0,0,0,0,0,0,15,29,0,0,0,0
ag,AG.SHF,沪银活跃-ag1612,20170103,90334000,10,613650,0,708716,0,0,25784,1578346080,40950000,40700000,40760000,40910000,41130000,41020000,708376,0,0,0,0,40910000,40900000,0,0,0,0,0,0,0,0,10,49,0,0,0,0
ag,AG.SHF,沪银活跃-ag1612,20170103,90334500,16,981840,0,708724,0,0,25800,1579327920,40950000,40700000,40760000,40910000,41130000,41020000,708376,0,0,0,0,40910000,40900000,0,0,0,0,0,0,0,0,10,53,0,0,0,0
ag,AG.SHF,沪银活跃-ag1612,20170103,90335000,30,1840650,0,708728,0,0,25830,1581168570,40950000,40700000,40760000,40900000,41130000,41020000,708376,0,0,0,0,40910000,40900000,0,0,0,0,0,0,0,0,13,54,0,0,0,0
ag,AG.SHF,沪银活跃-ag1612,20170103,90335500,32,1963230,0,708738,0,0,25862,1583131800,40950000,40700000,40760000,40900000,41130000,41020000,708376,0,0,0,0,40910000,40900000,0,0,0,0,0,0,0,0,11,39,0,0,0,0
ag,AG.SHF,沪银活跃-ag1612,20170103,90336000,4,245400,0,708742,0,0,25866,1583377200,40950000,40700000,40760000,40900000,41130000,41020000,708376,0,0,0,0,40910000,40900000,0,0,0,0,0,0,0,0,12,37,0,0,0,0
ag,AG.SHF,沪银活跃-ag1612,20170103,90337000,16,981810,0,708740,0,0,25882,1584359010,40950000,40700000,40760000,40910000,41130000,41020000,708376,0,0,0,0,40910000,40900000,0,0,0,0,0,0,0,0,13,36,0,0,0,0
ag,AG.SHF,沪银活跃-ag1612,20170103,90337500,8,490890,0,708738,0,0,25890,1584849900,40950000,40700000,40760000,40900000,41130000,41020000,708376,0,0,0,0,40910000,40900000,0,0,0,0,0,0,0,0,10,45,0,0,0,0
ag,AG.SHF,沪银活跃-ag1612,20170103,90338000,4,245460,0,708742,0,0,25894,1585095360,40950000,40700000,40760000,40910000,41130000,41020000,708376,0,0,0,0,40910000,40900000,0,0,0,0,0,0,0,0,9,47,0,0,0,0
ag,AG.SHF,沪银活跃-ag1612,20170103,90338500,48,2945190,0,708732,0,0,25942,1588040550,40950000,40700000,40760000,40900000,41130000,41020000,708376,0,0,0,0,40920000,40910000,0,0,0,0,0,0,0,0,68,6,0,0,0,0
ag,AG.SHF,沪银活跃-ag1612,20170103,90339000,12,736380,0,708740,0,0,25954,1588776930,40950000,40700000,40760000,40910000,41130000,41020000,708376,0,0,0,0,40920000,40910000,0,0,0,0,0,0,0,0,68,7,0,0,0,0
ag,AG.SHF,沪银活跃-ag1612,20170103,90339500,26,1595490,0,708762,0,0,25980,1590372420,40950000,40700000,40760000,40910000,41130000,41020000,708376,0,0,0,0,40910000,40900000,0,0,0,0,0,0,0,0,4,37,0,0,0,0
ag,AG.SHF,沪银活跃-ag1612,20170103,90340000,26,1595490,0,708756,0,0,26006,1591967910,40950000,40700000,40760000,40910000,41130000,41020000,708376,0,0,0,0,40910000,40900000,0,0,0,0,0,0,0,0,3,26,0,0,0,0
ag,AG.SHF,沪银活跃-ag1612,20170103,90340500,12,736200,0,708744,0,0,26018,1592704110,40950000,40700000,40760000,40900000,41130000,41020000,708376,0,0,0,0,40910000,40900000,0,0,0,0,0,0,0,0,15,20,0,0,0,0
ag,AG.SHF,沪银活跃-ag1612,20170103,90341000,2,122700,0,708742,0,0,26020,1592826810,40950000,40700000,40760000,40900000,41130000,41020000,708376,0,0,0,0,40910000,40900000,0,0,0,0,0,0,0,0,29,19,0,0,0,0
ag,AG.SHF,沪银活跃-ag1612,20170103,90341500,26,1595460,0,708742,0,0,26046,1594422270,40950000,40700000,40760000,40910000,41130000,41020000,708376,0,0,0,0,40910000,40900000,0,0,0,0,0,0,0,0,20,19,0,0,0,0
ag,AG.SHF,沪银活跃-ag1612,20170103,90342000,26,1595490,0,708742,0,0,26072,1596017760,40950000,40700000,40760000,40910000,41130000,41020000,708376,0,0,0,0,40910000,40900000,0,0,0,0,0,0,0,0,4,20,0,0,0,0
ag,AG.SHF,沪银活跃-ag1612,20170103,90342500,6,368190,0,708742,0,0,26078,1596385950,40950000,40700000,40760000,40910000,41130000,41020000,708376,0,0,0,0,40910000,40900000,0,0,0,0,0,0,0,0,1,43,0,0,0,0
ag,AG.SHF,沪银活跃-ag1612,20170103,90343000,2,122700,0,708742,0,0,26080,1596508650,40950000,40700000,40760000,40900000,41130000,41020000,708376,0,0,0,0,40910000,40900000,0,0,0,0,0,0,0,0,1,50,0,0,0,0
ag,AG.SHF,沪银活跃-ag1612,20170103,90343500,4,245430,0,708742,0,0,26084,1596754080,40950000,40700000,40760000,40900000,41130000,41020000,708376,0,0,0,0,40910000,40900000,0,0,0,0,0,0,0,0,8,53,0,0,0,0
ag,AG.SHF,沪银活跃-ag1612,20170103,90344000,6,368100,0,708742,0,0,26090,1597122180,40950000,40700000,40760000,40900000,41130000,41020000,708376,0,0,0,0,40910000,40900000,0,0,0,0,0,0,0,0,9,50,0,0,0,0
ag,AG.SHF,沪银活跃-ag1612,20170103,90344500,20,1227090,0,708754,0,0,26110,1598349270,40950000,40700000,40760000,40900000,41130000,41020000,708376,0,0,0,0,40910000,40900000,0,0,0,0,0,0,0,0,2,44,0,0,0,0
ag,AG.SHF,沪银活跃-ag1612,20170103,90345000,32,1963620,0,708778,0,0,26142,1600312890,40950000,40700000,40760000,40910000,41130000,41020000,708376,0,0,0,0,40920000,40910000,0,0,0,0,0,0,0,0,68,35,0,0,0,0
ag,AG.SHF,沪银活跃-ag1612,20170103,90345500,48,2946240,0,708772,0,0,26190,1603259130,40950000,40700000,40760000,40920000,41130000,41020000,708376,0,0,0,0,40920000,40910000,0,0,0,0,0,0,0,0,44,44,0,0,0,0
ag,AG.SHF,沪银活跃-ag1612,20170103,90346000,20,1227300,0,708792,0,0,26210,1604486430,40950000,40700000,40760000,40910000,41130000,41020000,708376,0,0,0,0,40920000,40910000,0,0,0,0,0,0,0,0,44,51,0,0,0,0
ag,AG.SHF,沪银活跃-ag1612,20170103,90346500,0,0,0,708792,0,0,26210,1604486430,40950000,40700000,40760000,40910000,41130000,41020000,708376,0,0,0,0,40920000,40910000,0,0,0,0,0,0,0,0,41,52,0,0,0,0
ag,AG.SHF,沪银活跃-ag1612,20170103,90347000,2,122760,0,708794,0,0,26212,1604609190,40950000,40700000,40760000,40920000,41130000,41020000,708376,0,0,0,0,40920000,40910000,0,0,0,0,0,0,0,0,40,60,0,0,0,0
ag,AG.SHF,沪银活跃-ag1612,20170103,90347500,100,6136500,0,708852,0,0,26312,1610745690,40950000,40700000,40760000,40910000,41130000,41020000,708376,0,0,0,0,40920000,40910000,0,0,0,0,0,0,0,0,41,10,0,0,0,0
ag,AG.SHF,沪银活跃-ag1612,20170103,90348000,38,2332380,0,708888,0,0,26350,1613078070,40950000,40700000,40760000,40920000,41130000,41020000,708376,0,0,0,0,40920000,40910000,0,0,0,0,0,0,0,0,35,8,0,0,0,0
ag,AG.SHF,沪银活跃-ag1612,20170103,90348500,0,0,0,708888,0,0,26350,1613078070,40950000,40700000,40760000,40920000,41130000,41020000,708376,0,0,0,0,40920000,40910000,0,0,0,0,0,0,0,0,35,16,0,0,0,0
ag,AG.SHF,沪银活跃-ag1612,20170103,90349000,0,0,0,708888,0,0,26350,1613078070,40950000,40700000,40760000,40920000,41130000,41020000,708376,0,0,0,0,40920000,40910000,0,0,0,0,0,0,0,0,34,24,0,0,0,0
ag,AG.SHF,沪银活跃-ag1612,20170103,90349500,12,736410,0,708900,0,0,26362,1613814480,40950000,40700000,40760000,40920000,41130000,41020000,708376,0,0,0,0,40920000,40910000,0,0,0,0,0,0,0,0,32,37,0,0,0,0
ag,AG.SHF,沪银活跃-ag1612,20170103,90350000,70,4296600,0,708864,0,0,26432,1618111080,40950000,40700000,40760000,40920000,41130000,41020000,708376,0,0,0,0,40930000,40920000,0,0,0,0,0,0,0,0,39,7,0,0,0,0
ag,AG.SHF,沪银活跃-ag1612,20170103,90350500,12,736560,0,708854,0,0,26444,1618847640,40950000,40700000,40760000,40920000,41130000,41020000,708376,0,0,0,0,40930000,40920000,0,0,0,0,0,0,0,0,34,5,0,0,0,0
ag,AG.SHF,沪银活跃-ag1612,20170103,90351000,4,245520,0,708852,0,0,26448,1619093160,40950000,40700000,40760000,40920000,41130000,41020000,708376,0,0,0,0,40930000,40920000,0,0,0,0,0,0,0,0,47,3,0,0,0,0
ag,AG.SHF,沪银活跃-ag1612,20170103,90351500,16,981930,0,708854,0,0,26464,1620075090,40950000,40700000,40760000,40910000,41130000,41020000,708376,0,0,0,0,40920000,40910000,0,0,0,0,0,0,0,0,1,56,0,0,0,0
ag,AG.SHF,沪银活跃-ag1612,20170103,90352000,26,1595880,0,708850,0,0,26490,1621670970,40950000,40700000,40760000,40920000,41130000,41020000,708376,0,0,0,0,40930000,40920000,0,0,0,0,0,0,0,0,49,4,0,0,0,0
ag,AG.SHF,沪银活跃-ag1612,20170103,90352500,8,491070,0,708846,0,0,26498,1622162040,40950000,40700000,40760000,40930000,41130000,41020000,708376,0,0,0,0,40930000,40920000,0,0,0,0,0,0,0,0,64,2,0,0,0,0
ag,AG.SHF,沪银活跃-ag1612,20170103,90353000,4,245520,0,708846,0,0,26502,1622407560,40950000,40700000,40760000,40920000,41130000,41020000,708376,0,0,0,0,40920000,40910000,0,0,0,0,0,0,0,0,4,56,0,0,0,0
ag,AG.SHF,沪银活跃-ag1612,20170103,90353500,10,613800,0,708844,0,0,26512,1623021360,40950000,40700000,40760000,40920000,41130000,41020000,708376,0,0,0,0,40930000,40920000,0,0,0,0,0,0,0,0,48,1,0,0,0,0
ag,AG.SHF,沪银活跃-ag1612,20170103,90354000,2,122790,0,708846,0,0,26514,1623144150,40950000,40700000,40760000,40930000,41130000,41020000,708376,0,0,0,0,40930000,40920000,0,0,0,0,0,0,0,0,47,8,0,0,0,0
ag,AG.SHF,沪银活跃-ag1612,20170103,90354500,0,0,0,708846,0,0,26514,1623144150,40950000,40700000,40760000,40930000,41130000,41020000,708376,0,0,0,0,40930000,40920000,0,0,0,0,0,0,0,0,43,16,0,0,0,0
ag,AG.SHF,沪银活跃-ag1612,20170103,90355000,6,368370,0,708848,0,0,26520,1623512520,40950000,40700000,40760000,40930000,41130000,41020000,708376,0,0,0,0,40930000,40920000,0,0,0,0,0,0,0,0,38,21,0,0,0,0
ag,AG.SHF,沪银活跃-ag1612,20170103,90355500,76,4666020,0,708880,0,0,26596,1628178540,40950000,40700000,40760000,40930000,41130000,41020000,708376,0,0,0,0,40940000,40930000,0,0,0,0,0,0,0,0,20,2,0,0,0,0
ag,AG.SHF,沪银活跃-ag1612,20170103,90356000,0,0,0,708880,0,0,26596,1628178540,40950000,40700000,40760000,40930000,41130000,41020000,708376,0,0,0,0,40940000,40930000,0,0,0,0,0,0,0,0,20,6,0,0,0,0
ag,AG.SHF,沪银活跃-ag1612,20170103,90356500,4,245580,0,708882,0,0,26600,1628424120,40950000,40700000,40760000,40930000,41130000,41020000,708376,0,0,0,0,40940000,40930000,0,0,0,0,0,0,0,0,20,60,0,0,0,0
ag,AG.SHF,沪银活跃-ag1612,20170103,90357000,32,1965120,0,708872,0,0,26632,1630389240,40950000,40700000,40760000,40940000,41130000,41020000,708376,0,0,0,0,40950000,40940000,0,0,0,0,0,0,0,0,48,2,0,0,0,0
ag,AG.SHF,沪银活跃-ag1612,20170103,90357500,12,736950,0,708866,0,0,26644,1631126190,40950000,40700000,40760000,40940000,41130000,41020000,708376,0,0,0,0,40950000,40930000,0,0,0,0,0,0,0,0,47,98,0,0,0,0
ag,AG.SHF,沪银活跃-ag1612,20170103,90358000,0,0,0,708866,0,0,26644,1631126190,40950000,40700000,40760000,40940000,41130000,41020000,708376,0,0,0,0,40950000,40940000,0,0,0,0,0,0,0,0,46,6,0,0,0,0
ag,AG.SHF,沪银活跃-ag1612,20170103,90358500,0,0,0,708866,0,0,26644,1631126190,40950000,40700000,40760000,40940000,41130000,41020000,708376,0,0,0,0,40950000,40940000,0,0,0,0,0,0,0,0,47,28,0,0,0,0
ag,AG.SHF,沪银活跃-ag1612,20170103,90359000,32,1965390,0,708860,0,0,26676,1633091580,40950000,40700000,40760000,40950000,41130000,41020000,708376,0,0,0,0,40950000,40940000,0,0,0,0,0,0,0,0,37,18,0,0,0,0
ag,AG.SHF,沪银活跃-ag1612,20170103,90359500,18,1105470,0,708866,0,0,26694,1634197050,40950000,40700000,40760000,40940000,41130000,41020000,708376,0,0,0,0,40950000,40940000,0,0,0,0,0,0,0,0,34,27,0,0,0,0
ag,AG.SHF,沪银活跃-ag1612,20170103,90400000,22,1351260,0,708880,0,0,26716,1635548310,40950000,40700000,40760000,40950000,41130000,41020000,708376,0,0,0,0,40950000,40940000,0,0,0,0,0,0,0,0,26,25,0,0,0,0
ag,AG.SHF,沪银活跃-ag1612,20170103,90400500,8,491310,0,708876,0,0,26724,1636039620,40950000,40700000,40760000,40940000,41130000,41020000,708376,0,0,0,0,40950000,40940000,0,0,0,0,0,0,0,0,26,40,0,0,0,0
ag,AG.SHF,沪银活跃-ag1612,20170103,90401000,30,1842630,0,708872,0,0,26754,1637882250,40950000,40700000,40760000,40950000,41130000,41020000,708376,0,0,0,0,40950000,40940000,0,0,0,0,0,0,0,0,15,26,0,0,0,0
ag,AG.SHF,沪银活跃-ag1612,20170103,90401500,32,1965270,0,708888,0,0,26786,1639847520,40950000,40700000,40760000,40940000,41130000,41020000,708376,0,0,0,0,40950000,40940000,0,0,0,0,0,0,0,0,10,20,0,0,0,0
ag,AG.SHF,沪银活跃-ag1612,20170103,90402000,4,245670,0,708886,0,0,26790,1640093190,40950000,40700000,40760000,40950000,41130000,41020000,708376,0,0,0,0,40950000,40940000,0,0,0,0,0,0,0,0,10,30,0,0,0,0
ag,AG.SHF,沪银活跃-ag1612,20170103,90402500,6,368550,0,708884,0,0,26796,1640461740,40950000,40700000,40760000,40950000,41130000,41020000,708376,0,0,0,0,40950000,40940000,0,0,0,0,0,0,0,0,23,34,0,0,0,0
ag,AG.SHF,沪银活跃-ag1612,20170103,90403000,8,491400,0,708882,0,0,26804,1640953140,40950000,40700000,40760000,40950000,41130000,41020000,708376,0,0,0,0,40950000,40940000,0,0,0,0,0,0,0,0,20,34,0,0,0,0
ag,AG.SHF,沪银活跃-ag1612,20170103,90403500,0,0,0,708882,0,0,26804,1640953140,40950000,40700000,40760000,40950000,41130000,41020000,708376,0,0,0,0,40950000,40940000,0,0,0,0,0,0,0,0,9,37,0,0,0,0
ag,AG.SHF,沪银活跃-ag1612,20170103,90404000,26,1596960,0,708888,0,0,26830,1642550100,40950000,40700000,40760000,40950000,41130000,41020000,708376,0,0,0,0,40960000,40950000,0,0,0,0,0,0,0,0,37,1,0,0,0,0
ag,AG.SHF,沪银活跃-ag1612,20170103,90404500,28,1719900,0,708882,0,0,26858,1644270000,40950000,40700000,40760000,40950000,41130000,41020000,708376,0,0,0,0,40950000,40940000,0,0,0,0,0,0,0,0,4,39,0,0,0,0
ag,AG.SHF,沪银活跃-ag1612,20170103,90405000,32,1965600,0,708906,0,0,26890,1646235600,40950000,40700000,40760000,40950000,41130000,41020000,708376,0,0,0,0,40960000,40950000,0,0,0,0,0,0,0,0,26,4,0,0,0,0
ag,AG.SHF,沪银活跃-ag1612,20170103,90405500,36,2211630,0,708922,0,0,26926,1648447230,40960000,40700000,40760000,40950000,41130000,41020000,708376,0,0,0,0,40950000,40940000,0,0,0,0,0,0,0,0,1,44,0,0,0,0
ag,AG.SHF,沪银活跃-ag1612,20170103,90406000,10,614370,0,708926,0,0,26936,1649061600,40960000,40700000,40760000,40960000,41130000,41020000,708376,0,0,0,0,40960000,40950000,0,0,0,0,0,0,0,0,11,80,0,0,0,0
ag,AG.SHF,沪银活跃-ag1612,20170103,90406500,16,983040,0,708926,0,0,26952,1650044640,40960000,40700000,40760000,40960000,41130000,41020000,708376,0,0,0,0,40960000,40950000,0,0,0,0,0,0,0,0,3,80,0,0,0,0
ag,AG.SHF,沪银活跃-ag1612,20170103,90407000,6,368640,0,708924,0,0,26958,1650413280,40960000,40700000,40760000,40960000,41130000,41020000,708376,0,0,0,0,40970000,40960000,0,0,0,0,0,0,0,0,24,3,0,0,0,0
ag,AG.SHF,沪银活跃-ag1612,20170103,90407500,30,1843170,0,708902,0,0,26988,1652256450,40960000,40700000,40760000,40960000,41130000,41020000,708376,0,0,0,0,40970000,40960000,0,0,0,0,0,0,0,0,24,14,0,0,0,0
ag,AG.SHF,沪银活跃-ag1612,20170103,90408000,0,0,0,708902,0,0,26988,1652256450,40960000,40700000,40760000,40960000,41130000,41020000,708376,0,0,0,0,40970000,40960000,0,0,0,0,0,0,0,0,32,54,0,0,0,0
ag,AG.SHF,沪银活跃-ag1612,20170103,90408500,4,245760,0,708898,0,0,26992,1652502210,40960000,40700000,40760000,40960000,41130000,41020000,708376,0,0,0,0,40970000,40960000,0,0,0,0,0,0,0,0,32,60,0,0,0,0
ag,AG.SHF,沪银活跃-ag1612,20170103,90409000,32,1966440,0,708874,0,0,27024,1654468650,40970000,40700000,40760000,40970000,41130000,41020000,708376,0,0,0,0,40970000,40960000,0,0,0,0,0,0,0,0,20,59,0,0,0,0
ag,AG.SHF,沪银活跃-ag1612,20170103,90409500,36,2212260,0,708868,0,0,27060,1656680910,40970000,40700000,40760000,40960000,41130000,41020000,708376,0,0,0,0,40970000,40960000,0,0,0,0,0,0,0,0,6,61,0,0,0,0
ag,AG.SHF,沪银活跃-ag1612,20170103,90410000,20,1228980,0,708862,0,0,27080,1657909890,40970000,40700000,40760000,40970000,41130000,41020000,708376,0,0,0,0,40980000,40960000,0,0,0,0,0,0,0,0,120,57,0,0,0,0
ag,AG.SHF,沪银活跃-ag1612,20170103,90410500,18,1106220,0,708872,0,0,27098,1659016110,40980000,40700000,40760000,40970000,41130000,41020000,708376,0,0,0,0,40980000,40970000,0,0,0,0,0,0,0,0,117,110,0,0,0,0
ag,AG.SHF,沪银活跃-ag1612,20170103,90411000,160,9835200,0,709032,0,0,27258,1668851310,40980000,40700000,40760000,40980000,41130000,41020000,708376,0,0,0,0,40980000,40970000,0,0,0,0,0,0,0,0,38,119,0,0,0,0
ag,AG.SHF,沪银活跃-ag1612,20170103,90411500,108,6638760,0,709086,0,0,27366,1675490070,40980000,40700000,40760000,40980000,41130000,41020000,708376,0,0,0,0,40990000,40980000,0,0,0,0,0,0,0,0,76,67,0,0,0,0
ag,AG.SHF,沪银活跃-ag1612,20170103,90412000,26,1598610,0,709088,0,0,27392,1677088680,40990000,40700000,40760000,40990000,41130000,41020000,708376,0,0,0,0,40990000,40980000,0,0,0,0,0,0,0,0,64,71,0,0,0,0
ag,AG.SHF,沪银活跃-ag1612,20170103,90412500,224,13768710,0,709182,0,0,27616,1690857390,40990000,40700000,40760000,40980000,41130000,41020000,708376,0,0,0,0,40980000,40970000,0,0,0,0,0,0,0,0,65,107,0,0,0,0
ag,AG.SHF,沪银活跃-ag1612,20170103,90413000,10,614640,0,709174,0,0,27626,1691472030,40990000,40700000,40760000,40980000,41130000,41020000,708376,0,0,0,0,40980000,40970000,0,0,0,0,0,0,0,0,64,104,0,0,0,0
